%YAML 1.1
%TAG !u! tag:unity3d.com,2011:
--- !u!1 &185550408903687716
GameObject:
  m_ObjectHideFlags: 0
  m_CorrespondingSourceObject: {fileID: 0}
  m_PrefabInstance: {fileID: 0}
  m_PrefabAsset: {fileID: 0}
  serializedVersion: 6
  m_Component:
  - component: {fileID: 709569492770989214}
  m_Layer: 0
  m_Name: BigPipe
  m_TagString: Untagged
  m_Icon: {fileID: 0}
  m_NavMeshLayer: 0
  m_StaticEditorFlags: 0
  m_IsActive: 1
--- !u!4 &709569492770989214
Transform:
  m_ObjectHideFlags: 0
  m_CorrespondingSourceObject: {fileID: 0}
  m_PrefabInstance: {fileID: 0}
  m_PrefabAsset: {fileID: 0}
  m_GameObject: {fileID: 185550408903687716}
  m_LocalRotation: {x: 0, y: 0.7071068, z: 0, w: 0.7071068}
  m_LocalPosition: {x: 242.24, y: 6.2842355, z: 1.54}
  m_LocalScale: {x: 14.5172, y: 14.5172, z: 21.078976}
  m_Children:
  - {fileID: 2964301335559777879}
  - {fileID: 5235028470020373616}
  m_Father: {fileID: 0}
  m_RootOrder: 0
  m_LocalEulerAnglesHint: {x: 0, y: 90, z: 0}
--- !u!1 &2172799774055863725
GameObject:
  m_ObjectHideFlags: 0
  m_CorrespondingSourceObject: {fileID: 0}
  m_PrefabInstance: {fileID: 0}
  m_PrefabAsset: {fileID: 0}
  serializedVersion: 6
  m_Component:
  - component: {fileID: 2964301335559777879}
  - component: {fileID: 7948719273924887112}
  - component: {fileID: 4217724751019077701}
  m_Layer: 0
  m_Name: pasted__pCylinder12
  m_TagString: Untagged
  m_Icon: {fileID: 0}
  m_NavMeshLayer: 0
  m_StaticEditorFlags: 0
  m_IsActive: 1
--- !u!4 &2964301335559777879
Transform:
  m_ObjectHideFlags: 0
  m_CorrespondingSourceObject: {fileID: 0}
  m_PrefabInstance: {fileID: 0}
  m_PrefabAsset: {fileID: 0}
  m_GameObject: {fileID: 2172799774055863725}
  m_LocalRotation: {x: 0.7071068, y: -0, z: -0, w: 0.7071068}
  m_LocalPosition: {x: 0.018, y: -0.166, z: 0}
  m_LocalScale: {x: 4.3616757, y: 12.888427, z: 4.3616757}
  m_Children: []
  m_Father: {fileID: 709569492770989214}
  m_RootOrder: 0
  m_LocalEulerAnglesHint: {x: 0, y: 0, z: 0}
--- !u!33 &7948719273924887112
MeshFilter:
  m_ObjectHideFlags: 0
  m_CorrespondingSourceObject: {fileID: 0}
  m_PrefabInstance: {fileID: 0}
  m_PrefabAsset: {fileID: 0}
  m_GameObject: {fileID: 2172799774055863725}
  m_Mesh: {fileID: 4572514712179548608, guid: a0e9c46aaaf149a44be98973e35b920b, type: 3}
--- !u!23 &4217724751019077701
MeshRenderer:
  m_ObjectHideFlags: 0
  m_CorrespondingSourceObject: {fileID: 0}
  m_PrefabInstance: {fileID: 0}
  m_PrefabAsset: {fileID: 0}
  m_GameObject: {fileID: 2172799774055863725}
  m_Enabled: 1
  m_CastShadows: 1
  m_ReceiveShadows: 1
  m_DynamicOccludee: 1
  m_MotionVectors: 1
  m_LightProbeUsage: 1
  m_ReflectionProbeUsage: 1
  m_RayTracingMode: 2
  m_RenderingLayerMask: 1
  m_RendererPriority: 0
  m_Materials:
  - {fileID: -7328252100812037318, guid: a0e9c46aaaf149a44be98973e35b920b, type: 3}
  m_StaticBatchInfo:
    firstSubMesh: 0
    subMeshCount: 0
  m_StaticBatchRoot: {fileID: 0}
  m_ProbeAnchor: {fileID: 0}
  m_LightProbeVolumeOverride: {fileID: 0}
  m_ScaleInLightmap: 1
  m_ReceiveGI: 1
  m_PreserveUVs: 0
  m_IgnoreNormalsForChartDetection: 0
  m_ImportantGI: 0
  m_StitchLightmapSeams: 1
  m_SelectedEditorRenderState: 3
  m_MinimumChartSize: 4
  m_AutoUVMaxDistance: 0.5
  m_AutoUVMaxAngle: 89
  m_LightmapParameters: {fileID: 0}
  m_SortingLayerID: 0
  m_SortingLayer: 0
  m_SortingOrder: 0
--- !u!1 &3873953351547227342
GameObject:
  m_ObjectHideFlags: 0
  m_CorrespondingSourceObject: {fileID: 0}
  m_PrefabInstance: {fileID: 0}
  m_PrefabAsset: {fileID: 0}
  serializedVersion: 6
  m_Component:
  - component: {fileID: 5235028470020373616}
  - component: {fileID: 1517770262014936083}
  - component: {fileID: 8800695252363003900}
  - component: {fileID: 2428809511196506264}
  - component: {fileID: 2734308858933164942}
  m_Layer: 0
  m_Name: Cube
  m_TagString: Ground
  m_Icon: {fileID: 0}
  m_NavMeshLayer: 0
  m_StaticEditorFlags: 0
  m_IsActive: 1
--- !u!4 &5235028470020373616
Transform:
  m_ObjectHideFlags: 0
  m_CorrespondingSourceObject: {fileID: 0}
  m_PrefabInstance: {fileID: 0}
  m_PrefabAsset: {fileID: 0}
  m_GameObject: {fileID: 3873953351547227342}
  m_LocalRotation: {x: -0, y: -0.7071068, z: -0, w: 0.7071068}
  m_LocalPosition: {x: -0.017909799, y: -0.21245387, z: -0.05882665}
  m_LocalScale: {x: 0.047440626, y: 0.06888381, z: 0.06888379}
  m_Children: []
  m_Father: {fileID: 709569492770989214}
  m_RootOrder: 1
  m_LocalEulerAnglesHint: {x: 0, y: 0, z: 0}
--- !u!114 &1517770262014936083
MonoBehaviour:
  m_ObjectHideFlags: 0
  m_CorrespondingSourceObject: {fileID: 0}
  m_PrefabInstance: {fileID: 0}
  m_PrefabAsset: {fileID: 0}
  m_GameObject: {fileID: 3873953351547227342}
  m_Enabled: 1
  m_EditorHideFlags: 0
  m_Script: {fileID: 11500000, guid: 8233d90336aea43098adf6dbabd606a2, type: 3}
  m_Name: 
  m_EditorClassIdentifier: 
  m_MeshFormatVersion: 1
  m_Faces:
  - m_Indexes: 000000000100000002000000010000000300000002000000
    m_SmoothingGroup: 0
    m_Uv:
      m_UseWorldSpace: 0
      m_FlipU: 0
      m_FlipV: 0
      m_SwapUV: 0
      m_Fill: 1
      m_Scale: {x: 1, y: 1}
      m_Offset: {x: 0, y: 0}
      m_Rotation: 0
      m_Anchor: 9
    m_Material: {fileID: 0}
    m_SubmeshIndex: 0
    m_ManualUV: 0
    elementGroup: -1
    m_TextureGroup: -1
  - m_Indexes: 040000000500000006000000050000000700000006000000
    m_SmoothingGroup: 0
    m_Uv:
      m_UseWorldSpace: 0
      m_FlipU: 0
      m_FlipV: 0
      m_SwapUV: 0
      m_Fill: 1
      m_Scale: {x: 1, y: 1}
      m_Offset: {x: 0, y: 0}
      m_Rotation: 0
      m_Anchor: 9
    m_Material: {fileID: 0}
    m_SubmeshIndex: 0
    m_ManualUV: 0
    elementGroup: -1
    m_TextureGroup: -1
  - m_Indexes: 08000000090000000a000000090000000b0000000a000000
    m_SmoothingGroup: 0
    m_Uv:
      m_UseWorldSpace: 0
      m_FlipU: 0
      m_FlipV: 0
      m_SwapUV: 0
      m_Fill: 1
      m_Scale: {x: 1, y: 1}
      m_Offset: {x: 0, y: 0}
      m_Rotation: 0
      m_Anchor: 9
    m_Material: {fileID: 0}
    m_SubmeshIndex: 0
    m_ManualUV: 0
    elementGroup: -1
    m_TextureGroup: -1
  - m_Indexes: 0c0000000d0000000e0000000d0000000f0000000e000000
    m_SmoothingGroup: 0
    m_Uv:
      m_UseWorldSpace: 0
      m_FlipU: 0
      m_FlipV: 0
      m_SwapUV: 0
      m_Fill: 1
      m_Scale: {x: 1, y: 1}
      m_Offset: {x: 0, y: 0}
      m_Rotation: 0
      m_Anchor: 9
    m_Material: {fileID: 0}
    m_SubmeshIndex: 0
    m_ManualUV: 0
    elementGroup: -1
    m_TextureGroup: -1
  - m_Indexes: 100000001100000012000000110000001300000012000000
    m_SmoothingGroup: 0
    m_Uv:
      m_UseWorldSpace: 0
      m_FlipU: 0
      m_FlipV: 0
      m_SwapUV: 0
      m_Fill: 1
      m_Scale: {x: 1, y: 1}
      m_Offset: {x: 0, y: 0}
      m_Rotation: 0
      m_Anchor: 9
    m_Material: {fileID: 0}
    m_SubmeshIndex: 0
    m_ManualUV: 0
    elementGroup: -1
    m_TextureGroup: -1
  - m_Indexes: 140000001500000016000000150000001700000016000000
    m_SmoothingGroup: 0
    m_Uv:
      m_UseWorldSpace: 0
      m_FlipU: 0
      m_FlipV: 0
      m_SwapUV: 0
      m_Fill: 1
      m_Scale: {x: 1, y: 1}
      m_Offset: {x: 0, y: 0}
      m_Rotation: 0
      m_Anchor: 9
    m_Material: {fileID: 0}
    m_SubmeshIndex: 0
    m_ManualUV: 0
    elementGroup: -1
    m_TextureGroup: -1
  - m_Indexes: 18000000190000001a000000190000001b0000001a000000
    m_SmoothingGroup: 0
    m_Uv:
      m_UseWorldSpace: 0
      m_FlipU: 0
      m_FlipV: 0
      m_SwapUV: 0
      m_Fill: 1
      m_Scale: {x: 1, y: 1}
      m_Offset: {x: 0, y: 0}
      m_Rotation: 0
      m_Anchor: 9
    m_Material: {fileID: 0}
    m_SubmeshIndex: 0
    m_ManualUV: 0
    elementGroup: -1
    m_TextureGroup: -1
  - m_Indexes: 1c0000001d0000001e0000001d0000001f0000001e000000
    m_SmoothingGroup: 0
    m_Uv:
      m_UseWorldSpace: 0
      m_FlipU: 0
      m_FlipV: 0
      m_SwapUV: 0
      m_Fill: 1
      m_Scale: {x: 1, y: 1}
      m_Offset: {x: 0, y: 0}
      m_Rotation: 0
      m_Anchor: 9
    m_Material: {fileID: 0}
    m_SubmeshIndex: 0
    m_ManualUV: 0
    elementGroup: -1
    m_TextureGroup: -1
  - m_Indexes: 200000002100000022000000210000002300000022000000
    m_SmoothingGroup: 0
    m_Uv:
      m_UseWorldSpace: 0
      m_FlipU: 0
      m_FlipV: 0
      m_SwapUV: 0
      m_Fill: 1
      m_Scale: {x: 1, y: 1}
      m_Offset: {x: 0, y: 0}
      m_Rotation: 0
      m_Anchor: 9
    m_Material: {fileID: 0}
    m_SubmeshIndex: 0
    m_ManualUV: 0
    elementGroup: -1
    m_TextureGroup: -1
  - m_Indexes: 240000002500000026000000250000002700000026000000
    m_SmoothingGroup: 0
    m_Uv:
      m_UseWorldSpace: 0
      m_FlipU: 0
      m_FlipV: 0
      m_SwapUV: 0
      m_Fill: 1
      m_Scale: {x: 1, y: 1}
      m_Offset: {x: 0, y: 0}
      m_Rotation: 0
      m_Anchor: 9
    m_Material: {fileID: 0}
    m_SubmeshIndex: 0
    m_ManualUV: 0
    elementGroup: -1
    m_TextureGroup: -1
  - m_Indexes: 28000000290000002a000000290000002b0000002a000000
    m_SmoothingGroup: 0
    m_Uv:
      m_UseWorldSpace: 0
      m_FlipU: 0
      m_FlipV: 0
      m_SwapUV: 0
      m_Fill: 1
      m_Scale: {x: 1, y: 1}
      m_Offset: {x: 0, y: 0}
      m_Rotation: 0
      m_Anchor: 9
    m_Material: {fileID: 0}
    m_SubmeshIndex: 0
    m_ManualUV: 0
    elementGroup: -1
    m_TextureGroup: -1
  - m_Indexes: 2c0000002d0000002e0000002d0000002f0000002e000000
    m_SmoothingGroup: 0
    m_Uv:
      m_UseWorldSpace: 0
      m_FlipU: 0
      m_FlipV: 0
      m_SwapUV: 0
      m_Fill: 1
      m_Scale: {x: 1, y: 1}
      m_Offset: {x: 0, y: 0}
      m_Rotation: 0
      m_Anchor: 9
    m_Material: {fileID: 0}
    m_SubmeshIndex: 0
    m_ManualUV: 0
    elementGroup: -1
    m_TextureGroup: -1
  - m_Indexes: 300000003100000032000000310000003300000032000000
    m_SmoothingGroup: 0
    m_Uv:
      m_UseWorldSpace: 0
      m_FlipU: 0
      m_FlipV: 0
      m_SwapUV: 0
      m_Fill: 1
      m_Scale: {x: 1, y: 1}
      m_Offset: {x: 0, y: 0}
      m_Rotation: 0
      m_Anchor: 9
    m_Material: {fileID: 0}
    m_SubmeshIndex: 0
    m_ManualUV: 0
    elementGroup: -1
    m_TextureGroup: -1
  - m_Indexes: 340000003500000036000000350000003700000036000000
    m_SmoothingGroup: 0
    m_Uv:
      m_UseWorldSpace: 0
      m_FlipU: 0
      m_FlipV: 0
      m_SwapUV: 0
      m_Fill: 1
      m_Scale: {x: 1, y: 1}
      m_Offset: {x: 0, y: 0}
      m_Rotation: 0
      m_Anchor: 9
    m_Material: {fileID: 0}
    m_SubmeshIndex: 0
    m_ManualUV: 0
    elementGroup: -1
    m_TextureGroup: -1
  - m_Indexes: 38000000390000003a000000390000003b0000003a000000
    m_SmoothingGroup: 0
    m_Uv:
      m_UseWorldSpace: 0
      m_FlipU: 0
      m_FlipV: 0
      m_SwapUV: 0
      m_Fill: 1
      m_Scale: {x: 1, y: 1}
      m_Offset: {x: 0, y: 0}
      m_Rotation: 0
      m_Anchor: 9
    m_Material: {fileID: 0}
    m_SubmeshIndex: 0
    m_ManualUV: 0
    elementGroup: -1
    m_TextureGroup: -1
  - m_Indexes: 3c0000003d0000003e0000003d0000003f0000003e000000
    m_SmoothingGroup: 0
    m_Uv:
      m_UseWorldSpace: 0
      m_FlipU: 0
      m_FlipV: 0
      m_SwapUV: 0
      m_Fill: 1
      m_Scale: {x: 1, y: 1}
      m_Offset: {x: 0, y: 0}
      m_Rotation: 0
      m_Anchor: 9
    m_Material: {fileID: 0}
    m_SubmeshIndex: 0
    m_ManualUV: 0
    elementGroup: -1
    m_TextureGroup: -1
  - m_Indexes: 400000004100000042000000410000004300000042000000
    m_SmoothingGroup: 0
    m_Uv:
      m_UseWorldSpace: 0
      m_FlipU: 0
      m_FlipV: 0
      m_SwapUV: 0
      m_Fill: 1
      m_Scale: {x: 1, y: 1}
      m_Offset: {x: 0, y: 0}
      m_Rotation: 0
      m_Anchor: 9
    m_Material: {fileID: 0}
    m_SubmeshIndex: 0
    m_ManualUV: 0
    elementGroup: -1
    m_TextureGroup: -1
  - m_Indexes: 440000004500000046000000450000004700000046000000
    m_SmoothingGroup: 0
    m_Uv:
      m_UseWorldSpace: 0
      m_FlipU: 0
      m_FlipV: 0
      m_SwapUV: 0
      m_Fill: 1
      m_Scale: {x: 1, y: 1}
      m_Offset: {x: 0, y: 0}
      m_Rotation: 0
      m_Anchor: 9
    m_Material: {fileID: 0}
    m_SubmeshIndex: 0
    m_ManualUV: 0
    elementGroup: -1
    m_TextureGroup: -1
  m_SharedVertices:
  - m_Vertices: 000000000d0000001c0000003900000040000000
  - m_Vertices: 250000003b00000042000000
  - m_Vertices: 160000001e0000004100000044000000
  - m_Vertices: 270000004300000046000000
  - m_Vertices: 010000000400000021000000380000003d000000
  - m_Vertices: 240000003a0000003f000000
  - m_Vertices: 17000000230000003c00000045000000
  - m_Vertices: 260000003e00000047000000
  - m_Vertices: 020000000f00000010000000
  - m_Vertices: 030000000600000011000000
  - m_Vertices: 0500000008000000200000002900000030000000
  - m_Vertices: 190000002b00000032000000
  - m_Vertices: 15000000220000003100000034000000
  - m_Vertices: 1b0000003300000036000000
  - m_Vertices: 070000000a00000013000000
  - m_Vertices: 090000000c0000001d000000280000002d000000
  - m_Vertices: 180000002a0000002f000000
  - m_Vertices: 140000001f0000002c00000035000000
  - m_Vertices: 1a0000002e00000037000000
  - m_Vertices: 0b0000000e00000012000000
  m_SharedTextures: []
  m_Positions:
  - {x: -1.3999691, y: -0.0000009179115, z: 0.00000021293992}
  - {x: 3.9000359, y: -0.0000009179115, z: 0.00000040961905}
  - {x: -1.3999081, y: 1.1999991, z: 0.0000006897796}
  - {x: 3.900097, y: 1.1999991, z: 0.0000008864587}
  - {x: 3.9000359, y: -0.0000009179115, z: 0.00000040961905}
  - {x: 3.9000359, y: -0.0000009179115, z: -1.0000006}
  - {x: 3.900097, y: 1.1999991, z: 0.0000008864587}
  - {x: 3.900097, y: 1.1999991, z: -1.000002}
  - {x: 3.9000359, y: -0.0000009179115, z: -1.0000006}
  - {x: -1.3999692, y: -0.0000009179115, z: -1.0000007}
  - {x: 3.900097, y: 1.1999991, z: -1.000002}
  - {x: -1.3999082, y: 1.1999991, z: -1.0000021}
  - {x: -1.3999692, y: -0.0000009179115, z: -1.0000007}
  - {x: -1.3999691, y: -0.0000009179115, z: 0.00000021293992}
  - {x: -1.3999082, y: 1.1999991, z: -1.0000021}
  - {x: -1.3999081, y: 1.1999991, z: 0.0000006897796}
  - {x: -1.3999081, y: 1.1999991, z: 0.0000006897796}
  - {x: 3.900097, y: 1.1999991, z: 0.0000008864587}
  - {x: -1.3999082, y: 1.1999991, z: -1.0000021}
  - {x: 3.900097, y: 1.1999991, z: -1.000002}
  - {x: -1.3999692, y: -1.0000008, z: -1.0000007}
  - {x: 3.9000359, y: -1.0000008, z: -1.0000006}
  - {x: -1.3999691, y: -1.0000008, z: 0.00000021293992}
  - {x: 3.9000359, y: -1.0000008, z: 0.00000040961905}
  - {x: -1.3999692, y: -0.0000009179115, z: -2.0000017}
  - {x: 3.9000356, y: -0.0000009179115, z: -2.0000014}
  - {x: -1.3999692, y: -1.0000008, z: -2.0000017}
  - {x: 3.9000356, y: -1.0000008, z: -2.0000014}
  - {x: -1.3999691, y: -0.0000009179115, z: 0.00000021293992}
  - {x: -1.3999692, y: -0.0000009179115, z: -1.0000007}
  - {x: -1.3999691, y: -1.0000008, z: 0.00000021293992}
  - {x: -1.3999692, y: -1.0000008, z: -1.0000007}
  - {x: 3.9000359, y: -0.0000009179115, z: -1.0000006}
  - {x: 3.9000359, y: -0.0000009179115, z: 0.00000040961905}
  - {x: 3.9000359, y: -1.0000008, z: -1.0000006}
  - {x: 3.9000359, y: -1.0000008, z: 0.00000040961905}
  - {x: 3.9000359, y: -0.0000009179115, z: 1.0000013}
  - {x: -1.3999691, y: -0.0000009179115, z: 1.0000012}
  - {x: 3.9000359, y: -1.0000008, z: 1.0000013}
  - {x: -1.3999691, y: -1.0000008, z: 1.0000012}
  - {x: -1.3999692, y: -0.0000009179115, z: -1.0000007}
  - {x: 3.9000359, y: -0.0000009179115, z: -1.0000006}
  - {x: -1.3999692, y: -0.0000009179115, z: -2.0000017}
  - {x: 3.9000356, y: -0.0000009179115, z: -2.0000014}
  - {x: -1.3999692, y: -1.0000008, z: -1.0000007}
  - {x: -1.3999692, y: -0.0000009179115, z: -1.0000007}
  - {x: -1.3999692, y: -1.0000008, z: -2.0000017}
  - {x: -1.3999692, y: -0.0000009179115, z: -2.0000017}
  - {x: 3.9000359, y: -0.0000009179115, z: -1.0000006}
  - {x: 3.9000359, y: -1.0000008, z: -1.0000006}
  - {x: 3.9000356, y: -0.0000009179115, z: -2.0000014}
  - {x: 3.9000356, y: -1.0000008, z: -2.0000014}
  - {x: 3.9000359, y: -1.0000008, z: -1.0000006}
  - {x: -1.3999692, y: -1.0000008, z: -1.0000007}
  - {x: 3.9000356, y: -1.0000008, z: -2.0000014}
  - {x: -1.3999692, y: -1.0000008, z: -2.0000017}
  - {x: 3.9000359, y: -0.0000009179115, z: 0.00000040961905}
  - {x: -1.3999691, y: -0.0000009179115, z: 0.00000021293992}
  - {x: 3.9000359, y: -0.0000009179115, z: 1.0000013}
  - {x: -1.3999691, y: -0.0000009179115, z: 1.0000012}
  - {x: 3.9000359, y: -1.0000008, z: 0.00000040961905}
  - {x: 3.9000359, y: -0.0000009179115, z: 0.00000040961905}
  - {x: 3.9000359, y: -1.0000008, z: 1.0000013}
  - {x: 3.9000359, y: -0.0000009179115, z: 1.0000013}
  - {x: -1.3999691, y: -0.0000009179115, z: 0.00000021293992}
  - {x: -1.3999691, y: -1.0000008, z: 0.00000021293992}
  - {x: -1.3999691, y: -0.0000009179115, z: 1.0000012}
  - {x: -1.3999691, y: -1.0000008, z: 1.0000012}
  - {x: -1.3999691, y: -1.0000008, z: 0.00000021293992}
  - {x: 3.9000359, y: -1.0000008, z: 0.00000040961905}
  - {x: -1.3999691, y: -1.0000008, z: 1.0000012}
  - {x: 3.9000359, y: -1.0000008, z: 1.0000013}
  m_Textures0:
  - {x: 1.3999691, y: -0.0000009179114}
  - {x: -3.9000359, y: -0.0000009179114}
  - {x: 1.3999081, y: 1.1999991}
  - {x: -3.900097, y: 1.1999991}
  - {x: 0.00000040961905, y: 0.00019744816}
  - {x: -1.0000006, y: 0.00019744816}
  - {x: 0.0000008864587, y: 1.2001975}
  - {x: -1.000002, y: 1.2001975}
  - {x: 3.9000359, y: 0.00000027418324}
  - {x: -1.3999692, y: 0.00000027418324}
  - {x: 3.900097, y: 1.2000003}
  - {x: -1.3999082, y: 1.2000003}
  - {x: 1.0000008, y: -0.000072124014}
  - {x: -0.000000046050772, y: -0.000072124014}
  - {x: 1.0000023, y: 1.1999279}
  - {x: -0.0000005228977, y: 1.1999279}
  - {x: -1.3999081, y: 0.0000006897796}
  - {x: 3.900097, y: 0.0000008864587}
  - {x: -1.3999082, y: -1.0000021}
  - {x: 3.900097, y: -1.000002}
  - {x: 1.3999692, y: -1.0000007}
  - {x: -3.9000359, y: -1.0000006}
  - {x: 1.3999691, y: 0.00000021293992}
  - {x: -3.9000359, y: 0.00000040961905}
  - {x: -1.3999693, y: -0.0000009179115}
  - {x: 3.9000356, y: -0.0000009179115}
  - {x: -1.3999693, y: -1.0000008}
  - {x: 3.9000356, y: -1.0000008}
  - {x: -0.00000004605075, y: -0.0000009179115}
  - {x: 1.0000008, y: -0.0000009179115}
  - {x: -0.00000004605075, y: -1.0000008}
  - {x: 1.0000008, y: -1.0000008}
  - {x: -1.0000006, y: -0.0000009179115}
  - {x: 0.00000040961905, y: -0.0000009179115}
  - {x: -1.0000006, y: -1.0000008}
  - {x: 0.00000040961905, y: -1.0000008}
  - {x: -3.9000359, y: -0.0000009179115}
  - {x: 1.3999691, y: -0.0000009179115}
  - {x: -3.9000359, y: -1.0000008}
  - {x: 1.3999691, y: -1.0000008}
  - {x: -1.3999692, y: -1.0000007}
  - {x: 3.9000359, y: -1.0000006}
  - {x: -1.3999692, y: -2.0000017}
  - {x: 3.9000356, y: -2.0000014}
  - {x: 1.0000007, y: -1.0000008}
  - {x: 1.0000007, y: -0.0000009179115}
  - {x: 2.0000017, y: -1.0000008}
  - {x: 2.0000017, y: -0.0000009179115}
  - {x: -0.99999964, y: -0.0000009179115}
  - {x: -0.99999964, y: -1.0000008}
  - {x: -2.0000005, y: -0.0000009179115}
  - {x: -2.0000005, y: -1.0000008}
  - {x: -3.9000359, y: -1.0000006}
  - {x: 1.3999692, y: -1.0000007}
  - {x: -3.9000356, y: -2.0000014}
  - {x: 1.3999692, y: -2.0000017}
  - {x: 3.9000359, y: 0.00000040961905}
  - {x: -1.3999691, y: 0.00000021293992}
  - {x: 3.9000359, y: 1.0000013}
  - {x: -1.3999691, y: 1.0000012}
  - {x: 0.00000040961905, y: -1.0000008}
  - {x: 0.00000040961905, y: -0.0000009179115}
  - {x: 1.0000013, y: -1.0000008}
  - {x: 1.0000013, y: -0.0000009179115}
  - {x: -0.00000021293992, y: -0.0000009179115}
  - {x: -0.00000021293992, y: -1.0000008}
  - {x: -1.0000012, y: -0.0000009179115}
  - {x: -1.0000012, y: -1.0000008}
  - {x: 1.3999691, y: 0.00000021293992}
  - {x: -3.9000359, y: 0.00000040961905}
  - {x: 1.3999691, y: 1.0000012}
  - {x: -3.9000359, y: 1.0000013}
  m_Textures2: []
  m_Textures3: []
  m_Tangents:
  - {x: -1, y: -1.4117223e-21, z: -0.00000003710923, w: -1}
  - {x: -1, y: 0, z: -0.00000003710923, w: -1}
  - {x: -1, y: 0, z: -0.00000003710923, w: -1}
  - {x: -1, y: 0, z: -0.00000003710923, w: -1}
  - {x: 0, y: 0, z: 1, w: -1}
  - {x: 0, y: 0, z: 1, w: -1}
  - {x: 0, y: 0, z: 1, w: -1}
  - {x: 0, y: 0, z: 1, w: -1}
  - {x: 1, y: 0, z: 0.000000022492298, w: -1}
  - {x: 1, y: 0, z: 0.000000022492298, w: -1}
  - {x: 1, y: 0, z: 0.000000022492298, w: -1}
  - {x: 1, y: 0, z: 0.000000022492298, w: -1}
  - {x: -0.00000011920917, y: -3.6140064e-19, z: -1, w: -1}
  - {x: -0.00000011920906, y: 0, z: -1, w: -1}
  - {x: -0.00000011920906, y: 0, z: -1, w: -1}
  - {x: -0.00000011920895, y: 3.6140066e-19, z: -1, w: -1}
  - {x: 1, y: 0, z: 0, w: -1}
  - {x: 1, y: 0, z: 0, w: -1}
  - {x: 1, y: 0, z: 0, w: -1}
  - {x: 1, y: 0, z: 0, w: -1}
  - {x: -1, y: 0, z: 0, w: -1}
  - {x: -1, y: 0, z: 0, w: -1}
  - {x: -1, y: 0, z: 0, w: -1}
  - {x: -1, y: 0, z: 0, w: -1}
  - {x: 1, y: 0, z: 0.000000044984596, w: -1}
  - {x: 1, y: 0, z: 0.000000044984596, w: -1}
  - {x: 1, y: 0, z: 0.000000044984596, w: -1}
  - {x: 1, y: 0, z: 0.000000044984596, w: -1}
  - {x: -0.00000011920918, y: 0, z: -1, w: -1}
  - {x: -0.00000011920918, y: 0, z: -1, w: -1}
  - {x: -0.00000011920918, y: 0, z: -1, w: -1}
  - {x: -0.00000011920918, y: 0, z: -1, w: -1}
  - {x: 0, y: 0, z: 1, w: -1}
  - {x: 0, y: 0, z: 1, w: -1}
  - {x: 0, y: 0, z: 1, w: -1}
  - {x: 0, y: 0, z: 1, w: -1}
  - {x: -1, y: 0, z: -0.000000022492298, w: -1}
  - {x: -1, y: 0, z: -0.000000022492298, w: -1}
  - {x: -1, y: 0, z: -0.000000022492298, w: -1}
  - {x: -1, y: 0, z: -0.000000022492298, w: -1}
  - {x: 1, y: 0, z: 0, w: -1}
  - {x: 1, y: 0, z: 0, w: -1}
  - {x: 1, y: 0, z: 0, w: -1}
  - {x: 1, y: 0, z: 0, w: -1}
  - {x: 0, y: 0, z: -1, w: -1}
  - {x: 0, y: 0, z: -1, w: -1}
  - {x: 0, y: 0, z: -1, w: -1}
  - {x: 0, y: 0, z: -1, w: -1}
  - {x: 0.0000002384184, y: 0, z: 1, w: -1}
  - {x: 0.0000002384184, y: 0, z: 1, w: -1}
  - {x: 0.0000002384184, y: 0, z: 1, w: -1}
  - {x: 0.0000002384184, y: 0, z: 1, w: -1}
  - {x: -1, y: 0, z: 0, w: -1}
  - {x: -1, y: 0, z: 0, w: -1}
  - {x: -1, y: 0, z: 0, w: -1}
  - {x: -1, y: 0, z: 0, w: -1}
  - {x: 1, y: 0, z: 0, w: -1}
  - {x: 1, y: 0, z: 0, w: -1}
  - {x: 1, y: 0, z: 0, w: -1}
  - {x: 1, y: 0, z: 0, w: -1}
  - {x: 0, y: 0, z: 1, w: -1}
  - {x: 0, y: 0, z: 1, w: -1}
  - {x: 0, y: 0, z: 1, w: -1}
  - {x: 0, y: 0, z: 1, w: -1}
  - {x: 0, y: 0, z: -1, w: -1}
  - {x: 0, y: 0, z: -1, w: -1}
  - {x: 0, y: 0, z: -1, w: -1}
  - {x: 0, y: 0, z: -1, w: -1}
  - {x: -1, y: 0, z: 0, w: -1}
  - {x: -1, y: 0, z: 0, w: -1}
  - {x: -1, y: 0, z: 0, w: -1}
  - {x: -1, y: 0, z: 0, w: -1}
  m_Colors: []
  m_UnwrapParameters:
    m_HardAngle: 88
    m_PackMargin: 20
    m_AngleError: 8
    m_AreaError: 15
  m_PreserveMeshAssetOnDestroy: 0
  assetGuid: 
  m_Mesh: {fileID: 0}
  m_IsSelectable: 1
  m_SelectedFaces: 04000000
  m_SelectedEdges:
  - a: 16
    b: 17
  - a: 18
    b: 16
  - a: 17
    b: 19
  - a: 19
    b: 18
  m_SelectedVertices: 10000000110000001200000013000000
--- !u!23 &8800695252363003900
MeshRenderer:
  m_ObjectHideFlags: 0
  m_CorrespondingSourceObject: {fileID: 0}
  m_PrefabInstance: {fileID: 0}
  m_PrefabAsset: {fileID: 0}
  m_GameObject: {fileID: 3873953351547227342}
  m_Enabled: 0
  m_CastShadows: 1
  m_ReceiveShadows: 1
  m_DynamicOccludee: 1
  m_MotionVectors: 1
  m_LightProbeUsage: 1
  m_ReflectionProbeUsage: 1
  m_RayTracingMode: 2
  m_RenderingLayerMask: 1
  m_RendererPriority: 0
  m_Materials:
  - {fileID: 2100000, guid: c22777d6e868e4f2fb421913386b154e, type: 2}
  m_StaticBatchInfo:
    firstSubMesh: 0
    subMeshCount: 0
  m_StaticBatchRoot: {fileID: 0}
  m_ProbeAnchor: {fileID: 0}
  m_LightProbeVolumeOverride: {fileID: 0}
  m_ScaleInLightmap: 1
  m_ReceiveGI: 1
  m_PreserveUVs: 0
  m_IgnoreNormalsForChartDetection: 0
  m_ImportantGI: 0
  m_StitchLightmapSeams: 1
  m_SelectedEditorRenderState: 2
  m_MinimumChartSize: 4
  m_AutoUVMaxDistance: 0.5
  m_AutoUVMaxAngle: 89
  m_LightmapParameters: {fileID: 0}
  m_SortingLayerID: 0
  m_SortingLayer: 0
  m_SortingOrder: 0
--- !u!33 &2428809511196506264
MeshFilter:
  m_ObjectHideFlags: 0
  m_CorrespondingSourceObject: {fileID: 0}
  m_PrefabInstance: {fileID: 0}
  m_PrefabAsset: {fileID: 0}
  m_GameObject: {fileID: 3873953351547227342}
  m_Mesh: {fileID: 0}
--- !u!64 &2734308858933164942
MeshCollider:
  m_ObjectHideFlags: 0
  m_CorrespondingSourceObject: {fileID: 0}
  m_PrefabInstance: {fileID: 0}
  m_PrefabAsset: {fileID: 0}
  m_GameObject: {fileID: 3873953351547227342}
  m_Material: {fileID: 0}
  m_IsTrigger: 0
  m_Enabled: 1
  serializedVersion: 4
  m_Convex: 1
  m_CookingOptions: 30
  m_Mesh: {fileID: 0}
