%YAML 1.1
%TAG !u! tag:unity3d.com,2011:
--- !u!1 &1665117118101685844
GameObject:
  m_ObjectHideFlags: 0
  m_CorrespondingSourceObject: {fileID: 0}
  m_PrefabInstance: {fileID: 0}
  m_PrefabAsset: {fileID: 0}
  serializedVersion: 6
  m_Component:
  - component: {fileID: 2940902439742835560}
  - component: {fileID: 7791708393964599009}
  - component: {fileID: 2365851155378983050}
  m_Layer: 0
  m_Name: pasted__pCylinder3
  m_TagString: Untagged
  m_Icon: {fileID: 0}
  m_NavMeshLayer: 0
  m_StaticEditorFlags: 0
  m_IsActive: 1
--- !u!4 &2940902439742835560
Transform:
  m_ObjectHideFlags: 0
  m_CorrespondingSourceObject: {fileID: 0}
  m_PrefabInstance: {fileID: 0}
  m_PrefabAsset: {fileID: 0}
  m_GameObject: {fileID: 1665117118101685844}
  m_LocalRotation: {x: 0.7071068, y: -0, z: -0, w: 0.7071068}
  m_LocalPosition: {x: 0.9413164, y: -0.036229968, z: 0.14530627}
  m_LocalScale: {x: 2.3087752, y: 16.677078, z: 2.3087752}
  m_Children: []
  m_Father: {fileID: 1426194973182010335}
  m_RootOrder: 0
  m_LocalEulerAnglesHint: {x: 0, y: 0, z: 0}
--- !u!33 &7791708393964599009
MeshFilter:
  m_ObjectHideFlags: 0
  m_CorrespondingSourceObject: {fileID: 0}
  m_PrefabInstance: {fileID: 0}
  m_PrefabAsset: {fileID: 0}
  m_GameObject: {fileID: 1665117118101685844}
  m_Mesh: {fileID: -8151507147331504123, guid: a7e8956878476eb49a1dc743a9265333, type: 3}
--- !u!23 &2365851155378983050
MeshRenderer:
  m_ObjectHideFlags: 0
  m_CorrespondingSourceObject: {fileID: 0}
  m_PrefabInstance: {fileID: 0}
  m_PrefabAsset: {fileID: 0}
  m_GameObject: {fileID: 1665117118101685844}
  m_Enabled: 1
  m_CastShadows: 1
  m_ReceiveShadows: 1
  m_DynamicOccludee: 1
  m_MotionVectors: 1
  m_LightProbeUsage: 1
  m_ReflectionProbeUsage: 1
  m_RayTracingMode: 2
  m_RenderingLayerMask: 1
  m_RendererPriority: 0
  m_Materials:
  - {fileID: -7328252100812037318, guid: a7e8956878476eb49a1dc743a9265333, type: 3}
  m_StaticBatchInfo:
    firstSubMesh: 0
    subMeshCount: 0
  m_StaticBatchRoot: {fileID: 0}
  m_ProbeAnchor: {fileID: 0}
  m_LightProbeVolumeOverride: {fileID: 0}
  m_ScaleInLightmap: 1
  m_ReceiveGI: 1
  m_PreserveUVs: 0
  m_IgnoreNormalsForChartDetection: 0
  m_ImportantGI: 0
  m_StitchLightmapSeams: 1
  m_SelectedEditorRenderState: 3
  m_MinimumChartSize: 4
  m_AutoUVMaxDistance: 0.5
  m_AutoUVMaxAngle: 89
  m_LightmapParameters: {fileID: 0}
  m_SortingLayerID: 0
  m_SortingLayer: 0
  m_SortingOrder: 0
--- !u!1 &1765706174256544101
GameObject:
  m_ObjectHideFlags: 0
  m_CorrespondingSourceObject: {fileID: 0}
  m_PrefabInstance: {fileID: 0}
  m_PrefabAsset: {fileID: 0}
  serializedVersion: 6
  m_Component:
  - component: {fileID: 1426194973182010335}
  m_Layer: 0
  m_Name: Pipes
  m_TagString: Untagged
  m_Icon: {fileID: 0}
  m_NavMeshLayer: 0
  m_StaticEditorFlags: 0
  m_IsActive: 1
--- !u!4 &1426194973182010335
Transform:
  m_ObjectHideFlags: 0
  m_CorrespondingSourceObject: {fileID: 0}
  m_PrefabInstance: {fileID: 0}
  m_PrefabAsset: {fileID: 0}
  m_GameObject: {fileID: 1765706174256544101}
  m_LocalRotation: {x: 0, y: -0, z: -0, w: 1}
  m_LocalPosition: {x: 47.36, y: -0.93, z: -2.6974}
  m_LocalScale: {x: 18.02476, y: 15.142674, z: 14.894849}
  m_Children:
  - {fileID: 2940902439742835560}
  - {fileID: 7698121926406349295}
  - {fileID: 8937553933427793682}
  - {fileID: 4284588909244755283}
  - {fileID: 8979392998870093784}
  - {fileID: 7519920570027075457}
  - {fileID: 1654411402627210235}
  m_Father: {fileID: 0}
  m_RootOrder: 0
  m_LocalEulerAnglesHint: {x: 0, y: 0, z: 0}
--- !u!1 &3155059263743013305
GameObject:
  m_ObjectHideFlags: 0
  m_CorrespondingSourceObject: {fileID: 0}
  m_PrefabInstance: {fileID: 0}
  m_PrefabAsset: {fileID: 0}
  serializedVersion: 6
  m_Component:
  - component: {fileID: 7698121926406349295}
  - component: {fileID: 8534902903081609590}
  - component: {fileID: 3508508601225236955}
  m_Layer: 0
  m_Name: pasted__pCylinder4
  m_TagString: Untagged
  m_Icon: {fileID: 0}
  m_NavMeshLayer: 0
  m_StaticEditorFlags: 0
  m_IsActive: 1
--- !u!4 &7698121926406349295
Transform:
  m_ObjectHideFlags: 0
  m_CorrespondingSourceObject: {fileID: 0}
  m_PrefabInstance: {fileID: 0}
  m_PrefabAsset: {fileID: 0}
  m_GameObject: {fileID: 3155059263743013305}
  m_LocalRotation: {x: 0.7071068, y: -0, z: -0, w: 0.7071068}
  m_LocalPosition: {x: 0.89476544, y: -0.036229968, z: 0.14530627}
  m_LocalScale: {x: 2.3087752, y: 16.677078, z: 2.3087752}
  m_Children: []
  m_Father: {fileID: 1426194973182010335}
  m_RootOrder: 1
  m_LocalEulerAnglesHint: {x: 0, y: 0, z: 0}
--- !u!33 &8534902903081609590
MeshFilter:
  m_ObjectHideFlags: 0
  m_CorrespondingSourceObject: {fileID: 0}
  m_PrefabInstance: {fileID: 0}
  m_PrefabAsset: {fileID: 0}
  m_GameObject: {fileID: 3155059263743013305}
  m_Mesh: {fileID: 5721985358974210490, guid: a7e8956878476eb49a1dc743a9265333, type: 3}
--- !u!23 &3508508601225236955
MeshRenderer:
  m_ObjectHideFlags: 0
  m_CorrespondingSourceObject: {fileID: 0}
  m_PrefabInstance: {fileID: 0}
  m_PrefabAsset: {fileID: 0}
  m_GameObject: {fileID: 3155059263743013305}
  m_Enabled: 1
  m_CastShadows: 1
  m_ReceiveShadows: 1
  m_DynamicOccludee: 1
  m_MotionVectors: 1
  m_LightProbeUsage: 1
  m_ReflectionProbeUsage: 1
  m_RayTracingMode: 2
  m_RenderingLayerMask: 1
  m_RendererPriority: 0
  m_Materials:
  - {fileID: -7328252100812037318, guid: a7e8956878476eb49a1dc743a9265333, type: 3}
  m_StaticBatchInfo:
    firstSubMesh: 0
    subMeshCount: 0
  m_StaticBatchRoot: {fileID: 0}
  m_ProbeAnchor: {fileID: 0}
  m_LightProbeVolumeOverride: {fileID: 0}
  m_ScaleInLightmap: 1
  m_ReceiveGI: 1
  m_PreserveUVs: 0
  m_IgnoreNormalsForChartDetection: 0
  m_ImportantGI: 0
  m_StitchLightmapSeams: 1
  m_SelectedEditorRenderState: 3
  m_MinimumChartSize: 4
  m_AutoUVMaxDistance: 0.5
  m_AutoUVMaxAngle: 89
  m_LightmapParameters: {fileID: 0}
  m_SortingLayerID: 0
  m_SortingLayer: 0
  m_SortingOrder: 0
--- !u!1 &4814640334806394832
GameObject:
  m_ObjectHideFlags: 0
  m_CorrespondingSourceObject: {fileID: 0}
  m_PrefabInstance: {fileID: 0}
  m_PrefabAsset: {fileID: 0}
  serializedVersion: 6
  m_Component:
  - component: {fileID: 7519920570027075457}
  - component: {fileID: 270366308986311173}
  - component: {fileID: 5000700076010497241}
  m_Layer: 0
  m_Name: pasted__pCylinder8
  m_TagString: Untagged
  m_Icon: {fileID: 0}
  m_NavMeshLayer: 0
  m_StaticEditorFlags: 0
  m_IsActive: 1
--- !u!4 &7519920570027075457
Transform:
  m_ObjectHideFlags: 0
  m_CorrespondingSourceObject: {fileID: 0}
  m_PrefabInstance: {fileID: 0}
  m_PrefabAsset: {fileID: 0}
  m_GameObject: {fileID: 4814640334806394832}
  m_LocalRotation: {x: 0.7071068, y: -0, z: -0, w: 0.7071068}
  m_LocalPosition: {x: 0.8945592, y: 0.04395821, z: 0.14530627}
  m_LocalScale: {x: 2.3087752, y: 16.677078, z: 2.3087752}
  m_Children: []
  m_Father: {fileID: 1426194973182010335}
  m_RootOrder: 5
  m_LocalEulerAnglesHint: {x: 0, y: 0, z: 0}
--- !u!33 &270366308986311173
MeshFilter:
  m_ObjectHideFlags: 0
  m_CorrespondingSourceObject: {fileID: 0}
  m_PrefabInstance: {fileID: 0}
  m_PrefabAsset: {fileID: 0}
  m_GameObject: {fileID: 4814640334806394832}
  m_Mesh: {fileID: -3347714472911210506, guid: a7e8956878476eb49a1dc743a9265333, type: 3}
--- !u!23 &5000700076010497241
MeshRenderer:
  m_ObjectHideFlags: 0
  m_CorrespondingSourceObject: {fileID: 0}
  m_PrefabInstance: {fileID: 0}
  m_PrefabAsset: {fileID: 0}
  m_GameObject: {fileID: 4814640334806394832}
  m_Enabled: 1
  m_CastShadows: 1
  m_ReceiveShadows: 1
  m_DynamicOccludee: 1
  m_MotionVectors: 1
  m_LightProbeUsage: 1
  m_ReflectionProbeUsage: 1
  m_RayTracingMode: 2
  m_RenderingLayerMask: 1
  m_RendererPriority: 0
  m_Materials:
  - {fileID: -7328252100812037318, guid: a7e8956878476eb49a1dc743a9265333, type: 3}
  m_StaticBatchInfo:
    firstSubMesh: 0
    subMeshCount: 0
  m_StaticBatchRoot: {fileID: 0}
  m_ProbeAnchor: {fileID: 0}
  m_LightProbeVolumeOverride: {fileID: 0}
  m_ScaleInLightmap: 1
  m_ReceiveGI: 1
  m_PreserveUVs: 0
  m_IgnoreNormalsForChartDetection: 0
  m_ImportantGI: 0
  m_StitchLightmapSeams: 1
  m_SelectedEditorRenderState: 3
  m_MinimumChartSize: 4
  m_AutoUVMaxDistance: 0.5
  m_AutoUVMaxAngle: 89
  m_LightmapParameters: {fileID: 0}
  m_SortingLayerID: 0
  m_SortingLayer: 0
  m_SortingOrder: 0
--- !u!1 &5744013585532978144
GameObject:
  m_ObjectHideFlags: 0
  m_CorrespondingSourceObject: {fileID: 0}
  m_PrefabInstance: {fileID: 0}
  m_PrefabAsset: {fileID: 0}
  serializedVersion: 6
  m_Component:
  - component: {fileID: 8979392998870093784}
  - component: {fileID: 863698053705461769}
  - component: {fileID: 4047424467231310435}
  m_Layer: 0
  m_Name: pasted__pCylinder7
  m_TagString: Untagged
  m_Icon: {fileID: 0}
  m_NavMeshLayer: 0
  m_StaticEditorFlags: 0
  m_IsActive: 1
--- !u!4 &8979392998870093784
Transform:
  m_ObjectHideFlags: 0
  m_CorrespondingSourceObject: {fileID: 0}
  m_PrefabInstance: {fileID: 0}
  m_PrefabAsset: {fileID: 0}
  m_GameObject: {fileID: 5744013585532978144}
  m_LocalRotation: {x: 0.7071068, y: -0, z: -0, w: 0.7071068}
  m_LocalPosition: {x: 0.91856045, y: 0.0036918223, z: 0.14530627}
  m_LocalScale: {x: 2.3087752, y: 16.677078, z: 2.3087752}
  m_Children: []
  m_Father: {fileID: 1426194973182010335}
  m_RootOrder: 4
  m_LocalEulerAnglesHint: {x: 0, y: 0, z: 0}
--- !u!33 &863698053705461769
MeshFilter:
  m_ObjectHideFlags: 0
  m_CorrespondingSourceObject: {fileID: 0}
  m_PrefabInstance: {fileID: 0}
  m_PrefabAsset: {fileID: 0}
  m_GameObject: {fileID: 5744013585532978144}
  m_Mesh: {fileID: -7527779227740022332, guid: a7e8956878476eb49a1dc743a9265333, type: 3}
--- !u!23 &4047424467231310435
MeshRenderer:
  m_ObjectHideFlags: 0
  m_CorrespondingSourceObject: {fileID: 0}
  m_PrefabInstance: {fileID: 0}
  m_PrefabAsset: {fileID: 0}
  m_GameObject: {fileID: 5744013585532978144}
  m_Enabled: 1
  m_CastShadows: 1
  m_ReceiveShadows: 1
  m_DynamicOccludee: 1
  m_MotionVectors: 1
  m_LightProbeUsage: 1
  m_ReflectionProbeUsage: 1
  m_RayTracingMode: 2
  m_RenderingLayerMask: 1
  m_RendererPriority: 0
  m_Materials:
  - {fileID: -7328252100812037318, guid: a7e8956878476eb49a1dc743a9265333, type: 3}
  m_StaticBatchInfo:
    firstSubMesh: 0
    subMeshCount: 0
  m_StaticBatchRoot: {fileID: 0}
  m_ProbeAnchor: {fileID: 0}
  m_LightProbeVolumeOverride: {fileID: 0}
  m_ScaleInLightmap: 1
  m_ReceiveGI: 1
  m_PreserveUVs: 0
  m_IgnoreNormalsForChartDetection: 0
  m_ImportantGI: 0
  m_StitchLightmapSeams: 1
  m_SelectedEditorRenderState: 3
  m_MinimumChartSize: 4
  m_AutoUVMaxDistance: 0.5
  m_AutoUVMaxAngle: 89
  m_LightmapParameters: {fileID: 0}
  m_SortingLayerID: 0
  m_SortingLayer: 0
  m_SortingOrder: 0
--- !u!1 &5857390813427362803
GameObject:
  m_ObjectHideFlags: 0
  m_CorrespondingSourceObject: {fileID: 0}
  m_PrefabInstance: {fileID: 0}
  m_PrefabAsset: {fileID: 0}
  serializedVersion: 6
  m_Component:
  - component: {fileID: 1654411402627210235}
  - component: {fileID: 2389690966320394848}
  - component: {fileID: 7566593652182110862}
  - component: {fileID: 2330511381906848281}
  - component: {fileID: 8173540185966677503}
  m_Layer: 0
  m_Name: Cube
  m_TagString: Ground
  m_Icon: {fileID: 0}
  m_NavMeshLayer: 0
  m_StaticEditorFlags: 0
  m_IsActive: 1
--- !u!4 &1654411402627210235
Transform:
  m_ObjectHideFlags: 0
  m_CorrespondingSourceObject: {fileID: 0}
  m_PrefabInstance: {fileID: 0}
  m_PrefabAsset: {fileID: 0}
  m_GameObject: {fileID: 5857390813427362803}
  m_LocalRotation: {x: -0, y: 0, z: -0, w: 1}
  m_LocalPosition: {x: 0.8676954, y: -0.070661224, z: -0.020315744}
  m_LocalScale: {x: 0.055479247, y: 0.066038534, z: 0.06713731}
  m_Children: []
  m_Father: {fileID: 1426194973182010335}
  m_RootOrder: 6
  m_LocalEulerAnglesHint: {x: 0, y: 0, z: 0}
--- !u!114 &2389690966320394848
MonoBehaviour:
  m_ObjectHideFlags: 0
  m_CorrespondingSourceObject: {fileID: 0}
  m_PrefabInstance: {fileID: 0}
  m_PrefabAsset: {fileID: 0}
  m_GameObject: {fileID: 5857390813427362803}
  m_Enabled: 1
  m_EditorHideFlags: 0
  m_Script: {fileID: 11500000, guid: 8233d90336aea43098adf6dbabd606a2, type: 3}
  m_Name: 
  m_EditorClassIdentifier: 
  m_MeshFormatVersion: 1
  m_Faces:
  - m_Indexes: 000000000100000002000000010000000300000002000000
    m_SmoothingGroup: 0
    m_Uv:
      m_UseWorldSpace: 0
      m_FlipU: 0
      m_FlipV: 0
      m_SwapUV: 0
      m_Fill: 1
      m_Scale: {x: 1, y: 1}
      m_Offset: {x: 0, y: 0}
      m_Rotation: 0
      m_Anchor: 9
    m_Material: {fileID: 0}
    m_SubmeshIndex: 0
    m_ManualUV: 0
    elementGroup: -1
    m_TextureGroup: -1
  - m_Indexes: 040000000500000006000000050000000700000006000000
    m_SmoothingGroup: 0
    m_Uv:
      m_UseWorldSpace: 0
      m_FlipU: 0
      m_FlipV: 0
      m_SwapUV: 0
      m_Fill: 1
      m_Scale: {x: 1, y: 1}
      m_Offset: {x: 0, y: 0}
      m_Rotation: 0
      m_Anchor: 9
    m_Material: {fileID: 0}
    m_SubmeshIndex: 0
    m_ManualUV: 0
    elementGroup: -1
    m_TextureGroup: -1
  - m_Indexes: 08000000090000000a000000090000000b0000000a000000
    m_SmoothingGroup: 0
    m_Uv:
      m_UseWorldSpace: 0
      m_FlipU: 0
      m_FlipV: 0
      m_SwapUV: 0
      m_Fill: 1
      m_Scale: {x: 1, y: 1}
      m_Offset: {x: 0, y: 0}
      m_Rotation: 0
      m_Anchor: 9
    m_Material: {fileID: 0}
    m_SubmeshIndex: 0
    m_ManualUV: 0
    elementGroup: -1
    m_TextureGroup: -1
  - m_Indexes: 0c0000000d0000000e0000000d0000000f0000000e000000
    m_SmoothingGroup: 0
    m_Uv:
      m_UseWorldSpace: 0
      m_FlipU: 0
      m_FlipV: 0
      m_SwapUV: 0
      m_Fill: 1
      m_Scale: {x: 1, y: 1}
      m_Offset: {x: 0, y: 0}
      m_Rotation: 0
      m_Anchor: 9
    m_Material: {fileID: 0}
    m_SubmeshIndex: 0
    m_ManualUV: 0
    elementGroup: -1
    m_TextureGroup: -1
  - m_Indexes: 100000001100000012000000110000001300000012000000
    m_SmoothingGroup: 0
    m_Uv:
      m_UseWorldSpace: 0
      m_FlipU: 0
      m_FlipV: 0
      m_SwapUV: 0
      m_Fill: 1
      m_Scale: {x: 1, y: 1}
      m_Offset: {x: 0, y: 0}
      m_Rotation: 0
      m_Anchor: 9
    m_Material: {fileID: 0}
    m_SubmeshIndex: 0
    m_ManualUV: 0
    elementGroup: -1
    m_TextureGroup: -1
  - m_Indexes: 140000001500000016000000150000001700000016000000
    m_SmoothingGroup: 0
    m_Uv:
      m_UseWorldSpace: 0
      m_FlipU: 0
      m_FlipV: 0
      m_SwapUV: 0
      m_Fill: 1
      m_Scale: {x: 1, y: 1}
      m_Offset: {x: 0, y: 0}
      m_Rotation: 0
      m_Anchor: 9
    m_Material: {fileID: 0}
    m_SubmeshIndex: 0
    m_ManualUV: 0
    elementGroup: -1
    m_TextureGroup: -1
  - m_Indexes: 18000000190000001a000000190000001b0000001a000000
    m_SmoothingGroup: 0
    m_Uv:
      m_UseWorldSpace: 0
      m_FlipU: 0
      m_FlipV: 0
      m_SwapUV: 0
      m_Fill: 1
      m_Scale: {x: 1, y: 1}
      m_Offset: {x: 0, y: 0}
      m_Rotation: 0
      m_Anchor: 9
    m_Material: {fileID: 0}
    m_SubmeshIndex: 0
    m_ManualUV: 0
    elementGroup: -1
    m_TextureGroup: -1
  - m_Indexes: 1c0000001d0000001e0000001d0000001f0000001e000000
    m_SmoothingGroup: 0
    m_Uv:
      m_UseWorldSpace: 0
      m_FlipU: 0
      m_FlipV: 0
      m_SwapUV: 0
      m_Fill: 1
      m_Scale: {x: 1, y: 1}
      m_Offset: {x: 0, y: 0}
      m_Rotation: 0
      m_Anchor: 9
    m_Material: {fileID: 0}
    m_SubmeshIndex: 0
    m_ManualUV: 0
    elementGroup: -1
    m_TextureGroup: -1
  - m_Indexes: 200000002100000022000000210000002300000022000000
    m_SmoothingGroup: 0
    m_Uv:
      m_UseWorldSpace: 0
      m_FlipU: 0
      m_FlipV: 0
      m_SwapUV: 0
      m_Fill: 1
      m_Scale: {x: 1, y: 1}
      m_Offset: {x: 0, y: 0}
      m_Rotation: 0
      m_Anchor: 9
    m_Material: {fileID: 0}
    m_SubmeshIndex: 0
    m_ManualUV: 0
    elementGroup: -1
    m_TextureGroup: -1
  - m_Indexes: 240000002500000026000000250000002700000026000000
    m_SmoothingGroup: 0
    m_Uv:
      m_UseWorldSpace: 0
      m_FlipU: 0
      m_FlipV: 0
      m_SwapUV: 0
      m_Fill: 1
      m_Scale: {x: 1, y: 1}
      m_Offset: {x: 0, y: 0}
      m_Rotation: 0
      m_Anchor: 9
    m_Material: {fileID: 0}
    m_SubmeshIndex: 0
    m_ManualUV: 0
    elementGroup: -1
    m_TextureGroup: -1
  - m_Indexes: 28000000290000002a000000290000002b0000002a000000
    m_SmoothingGroup: 0
    m_Uv:
      m_UseWorldSpace: 0
      m_FlipU: 0
      m_FlipV: 0
      m_SwapUV: 0
      m_Fill: 1
      m_Scale: {x: 1, y: 1}
      m_Offset: {x: 0, y: 0}
      m_Rotation: 0
      m_Anchor: 9
    m_Material: {fileID: 0}
    m_SubmeshIndex: 0
    m_ManualUV: 0
    elementGroup: -1
    m_TextureGroup: -1
  - m_Indexes: 2c0000002d0000002e0000002d0000002f0000002e000000
    m_SmoothingGroup: 0
    m_Uv:
      m_UseWorldSpace: 0
      m_FlipU: 0
      m_FlipV: 0
      m_SwapUV: 0
      m_Fill: 1
      m_Scale: {x: 1, y: 1}
      m_Offset: {x: 0, y: 0}
      m_Rotation: 0
      m_Anchor: 9
    m_Material: {fileID: 0}
    m_SubmeshIndex: 0
    m_ManualUV: 0
    elementGroup: -1
    m_TextureGroup: -1
  - m_Indexes: 300000003100000032000000310000003300000032000000
    m_SmoothingGroup: 0
    m_Uv:
      m_UseWorldSpace: 0
      m_FlipU: 0
      m_FlipV: 0
      m_SwapUV: 0
      m_Fill: 1
      m_Scale: {x: 1, y: 1}
      m_Offset: {x: 0, y: 0}
      m_Rotation: 0
      m_Anchor: 9
    m_Material: {fileID: 0}
    m_SubmeshIndex: 0
    m_ManualUV: 0
    elementGroup: -1
    m_TextureGroup: -1
  - m_Indexes: 340000003500000036000000350000003700000036000000
    m_SmoothingGroup: 0
    m_Uv:
      m_UseWorldSpace: 0
      m_FlipU: 0
      m_FlipV: 0
      m_SwapUV: 0
      m_Fill: 1
      m_Scale: {x: 1, y: 1}
      m_Offset: {x: 0, y: 0}
      m_Rotation: 0
      m_Anchor: 9
    m_Material: {fileID: 0}
    m_SubmeshIndex: 0
    m_ManualUV: 0
    elementGroup: -1
    m_TextureGroup: -1
  - m_Indexes: 38000000390000003a000000390000003b0000003a000000
    m_SmoothingGroup: 0
    m_Uv:
      m_UseWorldSpace: 0
      m_FlipU: 0
      m_FlipV: 0
      m_SwapUV: 0
      m_Fill: 1
      m_Scale: {x: 1, y: 1}
      m_Offset: {x: 0, y: 0}
      m_Rotation: 0
      m_Anchor: 9
    m_Material: {fileID: 0}
    m_SubmeshIndex: 0
    m_ManualUV: 0
    elementGroup: -1
    m_TextureGroup: -1
  - m_Indexes: 3c0000003d0000003e0000003d0000003f0000003e000000
    m_SmoothingGroup: 0
    m_Uv:
      m_UseWorldSpace: 0
      m_FlipU: 0
      m_FlipV: 0
      m_SwapUV: 0
      m_Fill: 1
      m_Scale: {x: 1, y: 1}
      m_Offset: {x: 0, y: 0}
      m_Rotation: 0
      m_Anchor: 9
    m_Material: {fileID: 0}
    m_SubmeshIndex: 0
    m_ManualUV: 0
    elementGroup: -1
    m_TextureGroup: -1
  - m_Indexes: 400000004100000042000000410000004300000042000000
    m_SmoothingGroup: 0
    m_Uv:
      m_UseWorldSpace: 0
      m_FlipU: 0
      m_FlipV: 0
      m_SwapUV: 0
      m_Fill: 1
      m_Scale: {x: 1, y: 1}
      m_Offset: {x: 0, y: 0}
      m_Rotation: 0
      m_Anchor: 9
    m_Material: {fileID: 0}
    m_SubmeshIndex: 0
    m_ManualUV: 0
    elementGroup: -1
    m_TextureGroup: -1
  - m_Indexes: 440000004500000046000000450000004700000046000000
    m_SmoothingGroup: 0
    m_Uv:
      m_UseWorldSpace: 0
      m_FlipU: 0
      m_FlipV: 0
      m_SwapUV: 0
      m_Fill: 1
      m_Scale: {x: 1, y: 1}
      m_Offset: {x: 0, y: 0}
      m_Rotation: 0
      m_Anchor: 9
    m_Material: {fileID: 0}
    m_SubmeshIndex: 0
    m_ManualUV: 0
    elementGroup: -1
    m_TextureGroup: -1
  - m_Indexes: 48000000490000004a000000490000004b0000004a000000
    m_SmoothingGroup: 0
    m_Uv:
      m_UseWorldSpace: 0
      m_FlipU: 0
      m_FlipV: 0
      m_SwapUV: 0
      m_Fill: 1
      m_Scale: {x: 1, y: 1}
      m_Offset: {x: 0, y: 0}
      m_Rotation: 0
      m_Anchor: 9
    m_Material: {fileID: 0}
    m_SubmeshIndex: 0
    m_ManualUV: 0
    elementGroup: -1
    m_TextureGroup: -1
  - m_Indexes: 4c0000004d0000004e0000004d0000004f0000004e000000
    m_SmoothingGroup: 0
    m_Uv:
      m_UseWorldSpace: 0
      m_FlipU: 0
      m_FlipV: 0
      m_SwapUV: 0
      m_Fill: 1
      m_Scale: {x: 1, y: 1}
      m_Offset: {x: 0, y: 0}
      m_Rotation: 0
      m_Anchor: 9
    m_Material: {fileID: 0}
    m_SubmeshIndex: 0
    m_ManualUV: 0
    elementGroup: -1
    m_TextureGroup: -1
  - m_Indexes: 500000005100000052000000510000005300000052000000
    m_SmoothingGroup: 0
    m_Uv:
      m_UseWorldSpace: 0
      m_FlipU: 0
      m_FlipV: 0
      m_SwapUV: 0
      m_Fill: 1
      m_Scale: {x: 1, y: 1}
      m_Offset: {x: 0, y: 0}
      m_Rotation: 0
      m_Anchor: 9
    m_Material: {fileID: 0}
    m_SubmeshIndex: 0
    m_ManualUV: 0
    elementGroup: -1
    m_TextureGroup: -1
  - m_Indexes: 540000005500000056000000550000005700000056000000
    m_SmoothingGroup: 0
    m_Uv:
      m_UseWorldSpace: 0
      m_FlipU: 0
      m_FlipV: 0
      m_SwapUV: 0
      m_Fill: 1
      m_Scale: {x: 1, y: 1}
      m_Offset: {x: 0, y: 0}
      m_Rotation: 0
      m_Anchor: 9
    m_Material: {fileID: 0}
    m_SubmeshIndex: 0
    m_ManualUV: 0
    elementGroup: -1
    m_TextureGroup: -1
  - m_Indexes: 58000000590000005a000000590000005b0000005a000000
    m_SmoothingGroup: 0
    m_Uv:
      m_UseWorldSpace: 0
      m_FlipU: 0
      m_FlipV: 0
      m_SwapUV: 0
      m_Fill: 1
      m_Scale: {x: 1, y: 1}
      m_Offset: {x: 0, y: 0}
      m_Rotation: 0
      m_Anchor: 9
    m_Material: {fileID: 0}
    m_SubmeshIndex: 0
    m_ManualUV: 0
    elementGroup: -1
    m_TextureGroup: -1
  - m_Indexes: 5c0000005d0000005e0000005d0000005f0000005e000000
    m_SmoothingGroup: 0
    m_Uv:
      m_UseWorldSpace: 0
      m_FlipU: 0
      m_FlipV: 0
      m_SwapUV: 0
      m_Fill: 1
      m_Scale: {x: 1, y: 1}
      m_Offset: {x: 0, y: 0}
      m_Rotation: 0
      m_Anchor: 9
    m_Material: {fileID: 0}
    m_SubmeshIndex: 0
    m_ManualUV: 0
    elementGroup: -1
    m_TextureGroup: -1
  - m_Indexes: 600000006100000062000000610000006300000062000000
    m_SmoothingGroup: 0
    m_Uv:
      m_UseWorldSpace: 0
      m_FlipU: 0
      m_FlipV: 0
      m_SwapUV: 0
      m_Fill: 1
      m_Scale: {x: 1, y: 1}
      m_Offset: {x: 0, y: 0}
      m_Rotation: 0
      m_Anchor: 9
    m_Material: {fileID: 0}
    m_SubmeshIndex: 0
    m_ManualUV: 0
    elementGroup: -1
    m_TextureGroup: -1
  - m_Indexes: 640000006500000066000000650000006700000066000000
    m_SmoothingGroup: 0
    m_Uv:
      m_UseWorldSpace: 0
      m_FlipU: 0
      m_FlipV: 0
      m_SwapUV: 0
      m_Fill: 1
      m_Scale: {x: 1, y: 1}
      m_Offset: {x: 0, y: 0}
      m_Rotation: 0
      m_Anchor: 9
    m_Material: {fileID: 0}
    m_SubmeshIndex: 0
    m_ManualUV: 0
    elementGroup: -1
    m_TextureGroup: -1
  - m_Indexes: 68000000690000006a000000690000006b0000006a000000
    m_SmoothingGroup: 0
    m_Uv:
      m_UseWorldSpace: 0
      m_FlipU: 0
      m_FlipV: 0
      m_SwapUV: 0
      m_Fill: 1
      m_Scale: {x: 1, y: 1}
      m_Offset: {x: 0, y: 0}
      m_Rotation: 0
      m_Anchor: 9
    m_Material: {fileID: 0}
    m_SubmeshIndex: 0
    m_ManualUV: 0
    elementGroup: -1
    m_TextureGroup: -1
  - m_Indexes: 6c0000006d0000006e0000006d0000006f0000006e000000
    m_SmoothingGroup: 0
    m_Uv:
      m_UseWorldSpace: 0
      m_FlipU: 0
      m_FlipV: 0
      m_SwapUV: 0
      m_Fill: 1
      m_Scale: {x: 1, y: 1}
      m_Offset: {x: 0, y: 0}
      m_Rotation: 0
      m_Anchor: 9
    m_Material: {fileID: 0}
    m_SubmeshIndex: 0
    m_ManualUV: 0
    elementGroup: -1
    m_TextureGroup: -1
  - m_Indexes: 700000007100000072000000710000007300000072000000
    m_SmoothingGroup: 0
    m_Uv:
      m_UseWorldSpace: 0
      m_FlipU: 0
      m_FlipV: 0
      m_SwapUV: 0
      m_Fill: 1
      m_Scale: {x: 1, y: 1}
      m_Offset: {x: 0, y: 0}
      m_Rotation: 0
      m_Anchor: 9
    m_Material: {fileID: 0}
    m_SubmeshIndex: 0
    m_ManualUV: 0
    elementGroup: -1
    m_TextureGroup: -1
  - m_Indexes: 740000007500000076000000750000007700000076000000
    m_SmoothingGroup: 0
    m_Uv:
      m_UseWorldSpace: 0
      m_FlipU: 0
      m_FlipV: 0
      m_SwapUV: 0
      m_Fill: 1
      m_Scale: {x: 1, y: 1}
      m_Offset: {x: 0, y: 0}
      m_Rotation: 0
      m_Anchor: 9
    m_Material: {fileID: 0}
    m_SubmeshIndex: 0
    m_ManualUV: 0
    elementGroup: -1
    m_TextureGroup: -1
  - m_Indexes: 78000000790000007a000000790000007b0000007a000000
    m_SmoothingGroup: 0
    m_Uv:
      m_UseWorldSpace: 0
      m_FlipU: 0
      m_FlipV: 0
      m_SwapUV: 0
      m_Fill: 1
      m_Scale: {x: 1, y: 1}
      m_Offset: {x: 0, y: 0}
      m_Rotation: 0
      m_Anchor: 9
    m_Material: {fileID: 0}
    m_SubmeshIndex: 0
    m_ManualUV: 0
    elementGroup: -1
    m_TextureGroup: -1
  - m_Indexes: 7c0000007d0000007e0000007d0000007f0000007e000000
    m_SmoothingGroup: 0
    m_Uv:
      m_UseWorldSpace: 0
      m_FlipU: 0
      m_FlipV: 0
      m_SwapUV: 0
      m_Fill: 1
      m_Scale: {x: 1, y: 1}
      m_Offset: {x: 0, y: 0}
      m_Rotation: 0
      m_Anchor: 9
    m_Material: {fileID: 0}
    m_SubmeshIndex: 0
    m_ManualUV: 0
    elementGroup: -1
    m_TextureGroup: -1
  - m_Indexes: 800000008100000082000000810000008300000082000000
    m_SmoothingGroup: 0
    m_Uv:
      m_UseWorldSpace: 0
      m_FlipU: 0
      m_FlipV: 0
      m_SwapUV: 0
      m_Fill: 1
      m_Scale: {x: 1, y: 1}
      m_Offset: {x: 0, y: 0}
      m_Rotation: 0
      m_Anchor: 9
    m_Material: {fileID: 0}
    m_SubmeshIndex: 0
    m_ManualUV: 0
    elementGroup: -1
    m_TextureGroup: -1
  - m_Indexes: 840000008500000086000000850000008700000086000000
    m_SmoothingGroup: 0
    m_Uv:
      m_UseWorldSpace: 0
      m_FlipU: 0
      m_FlipV: 0
      m_SwapUV: 0
      m_Fill: 1
      m_Scale: {x: 1, y: 1}
      m_Offset: {x: 0, y: 0}
      m_Rotation: 0
      m_Anchor: 9
    m_Material: {fileID: 0}
    m_SubmeshIndex: 0
    m_ManualUV: 0
    elementGroup: -1
    m_TextureGroup: -1
  m_SharedVertices:
  - m_Vertices: 0000000016000000200000004900000050000000
  - m_Vertices: 190000004b00000052000000
  - m_Vertices: 0d0000002200000051000000680000006d000000
  - m_Vertices: 540000006a0000006f000000
  - m_Vertices: 1b000000530000006c00000075000000
  - m_Vertices: 560000006e00000077000000
  - m_Vertices: 01000000170000002d000000580000005d000000
  - m_Vertices: 280000005a0000005f000000
  - m_Vertices: 040000002f0000005c0000007900000080000000
  - m_Vertices: 650000007b00000082000000
  - m_Vertices: 2a0000005e0000008100000084000000
  - m_Vertices: 670000008300000086000000
  - m_Vertices: 020000002100000024000000380000003d000000
  - m_Vertices: 100000003a0000003f000000
  - m_Vertices: 0f0000002300000026000000
  - m_Vertices: 030000002c000000350000003900000040000000
  - m_Vertices: 110000003b00000042000000
  - m_Vertices: 060000002e00000037000000
  - m_Vertices: 050000003200000061000000780000007d000000
  - m_Vertices: 640000007a0000007f000000
  - m_Vertices: 2b000000630000007c00000085000000
  - m_Vertices: 660000007e00000087000000
  - m_Vertices: 0800000015000000300000005900000060000000
  - m_Vertices: 290000005b00000062000000
  - m_Vertices: 070000003300000036000000
  - m_Vertices: 0a00000031000000340000004100000044000000
  - m_Vertices: 130000004300000046000000
  - m_Vertices: 09000000140000001d000000480000004d000000
  - m_Vertices: 180000004a0000004f000000
  - m_Vertices: 0c0000001f0000004c0000006900000070000000
  - m_Vertices: 550000006b00000072000000
  - m_Vertices: 1a0000004e0000007100000074000000
  - m_Vertices: 570000007300000076000000
  - m_Vertices: 0b0000001c000000250000003c00000045000000
  - m_Vertices: 120000003e00000047000000
  - m_Vertices: 0e0000001e00000027000000
  m_SharedTextures: []
  m_Positions:
  - {x: -0.0000151991835, y: 0, z: 5}
  - {x: 0.9999924, y: 0, z: 5}
  - {x: -0.0000151991835, y: 1, z: 5}
  - {x: 0.9999924, y: 1, z: 5}
  - {x: 1.9999924, y: 0, z: 5.0000014}
  - {x: 1.9999962, y: 0, z: 0.0000011920929}
  - {x: 1.9999924, y: 1, z: 5.0000014}
  - {x: 1.9999962, y: 1, z: 0.0000011920929}
  - {x: 0.9999924, y: 0, z: 0}
  - {x: -0.0000151991835, y: 0, z: 0}
  - {x: 0.9999924, y: 1, z: 0}
  - {x: -0.0000151991835, y: 1, z: 0}
  - {x: -1.0000151, y: 0, z: -0.0000014305115}
  - {x: -1.0000151, y: 0, z: 4.9999986}
  - {x: -1.0000151, y: 1, z: -0.0000014305115}
  - {x: -1.0000151, y: 1, z: 4.9999986}
  - {x: -0.0000151991835, y: 2, z: 5}
  - {x: 0.9999924, y: 2, z: 5}
  - {x: -0.0000151991835, y: 2, z: 0}
  - {x: 0.9999924, y: 2, z: 0}
  - {x: -0.0000151991835, y: 0, z: 0}
  - {x: 0.9999924, y: 0, z: 0}
  - {x: -0.0000151991835, y: 0, z: 5}
  - {x: 0.9999924, y: 0, z: 5}
  - {x: -0.0000151991835, y: -1, z: 0}
  - {x: -0.0000151991835, y: -1, z: 5}
  - {x: -1.0000151, y: -1, z: -0.0000014305115}
  - {x: -1.0000151, y: -1, z: 4.9999986}
  - {x: -0.0000151991835, y: 1, z: 0}
  - {x: -0.0000151991835, y: 0, z: 0}
  - {x: -1.0000151, y: 1, z: -0.0000014305115}
  - {x: -1.0000151, y: 0, z: -0.0000014305115}
  - {x: -0.0000151991835, y: 0, z: 5}
  - {x: -0.0000151991835, y: 1, z: 5}
  - {x: -1.0000151, y: 0, z: 4.9999986}
  - {x: -1.0000151, y: 1, z: 4.9999986}
  - {x: -0.0000151991835, y: 1, z: 5}
  - {x: -0.0000151991835, y: 1, z: 0}
  - {x: -1.0000151, y: 1, z: 4.9999986}
  - {x: -1.0000151, y: 1, z: -0.0000014305115}
  - {x: 0.9999924, y: -1, z: 5}
  - {x: 0.9999924, y: -1, z: 0}
  - {x: 1.9999924, y: -1, z: 5.0000014}
  - {x: 1.9999962, y: -1, z: 0.0000011920929}
  - {x: 0.9999924, y: 1, z: 5}
  - {x: 0.9999924, y: 0, z: 5}
  - {x: 1.9999924, y: 1, z: 5.0000014}
  - {x: 1.9999924, y: 0, z: 5.0000014}
  - {x: 0.9999924, y: 0, z: 0}
  - {x: 0.9999924, y: 1, z: 0}
  - {x: 1.9999962, y: 0, z: 0.0000011920929}
  - {x: 1.9999962, y: 1, z: 0.0000011920929}
  - {x: 0.9999924, y: 1, z: 0}
  - {x: 0.9999924, y: 1, z: 5}
  - {x: 1.9999962, y: 1, z: 0.0000011920929}
  - {x: 1.9999924, y: 1, z: 5.0000014}
  - {x: -0.0000151991835, y: 1, z: 5}
  - {x: 0.9999924, y: 1, z: 5}
  - {x: -0.0000151991835, y: 2, z: 5}
  - {x: 0.9999924, y: 2, z: 5}
  - {x: -0.0000151991835, y: 1, z: 0}
  - {x: -0.0000151991835, y: 1, z: 5}
  - {x: -0.0000151991835, y: 2, z: 0}
  - {x: -0.0000151991835, y: 2, z: 5}
  - {x: 0.9999924, y: 1, z: 5}
  - {x: 0.9999924, y: 1, z: 0}
  - {x: 0.9999924, y: 2, z: 5}
  - {x: 0.9999924, y: 2, z: 0}
  - {x: 0.9999924, y: 1, z: 0}
  - {x: -0.0000151991835, y: 1, z: 0}
  - {x: 0.9999924, y: 2, z: 0}
  - {x: -0.0000151991835, y: 2, z: 0}
  - {x: -0.0000151991835, y: 0, z: 0}
  - {x: -0.0000151991835, y: 0, z: 5}
  - {x: -0.0000151991835, y: -1, z: 0}
  - {x: -0.0000151991835, y: -1, z: 5}
  - {x: -1.0000151, y: 0, z: -0.0000014305115}
  - {x: -0.0000151991835, y: 0, z: 0}
  - {x: -1.0000151, y: -1, z: -0.0000014305115}
  - {x: -0.0000151991835, y: -1, z: 0}
  - {x: -0.0000151991835, y: 0, z: 5}
  - {x: -1.0000151, y: 0, z: 4.9999986}
  - {x: -0.0000151991835, y: -1, z: 5}
  - {x: -1.0000151, y: -1, z: 4.9999986}
  - {x: -2.0000153, y: 0, z: 4.999997}
  - {x: -2.000015, y: 0, z: -0.000002861023}
  - {x: -2.0000153, y: -1, z: 4.999997}
  - {x: -2.000015, y: -1, z: -0.000002861023}
  - {x: 0.9999924, y: 0, z: 5}
  - {x: 0.9999924, y: 0, z: 0}
  - {x: 0.9999924, y: -1, z: 5}
  - {x: 0.9999924, y: -1, z: 0}
  - {x: 1.9999924, y: 0, z: 5.0000014}
  - {x: 0.9999924, y: 0, z: 5}
  - {x: 1.9999924, y: -1, z: 5.0000014}
  - {x: 0.9999924, y: -1, z: 5}
  - {x: 0.9999924, y: 0, z: 0}
  - {x: 1.9999962, y: 0, z: 0.0000011920929}
  - {x: 0.9999924, y: -1, z: 0}
  - {x: 1.9999962, y: -1, z: 0.0000011920929}
  - {x: 2.9999962, y: 0, z: 0.0000023841858}
  - {x: 2.9999924, y: 0, z: 5.000003}
  - {x: 2.9999962, y: -1, z: 0.0000023841858}
  - {x: 2.9999924, y: -1, z: 5.000003}
  - {x: -1.0000151, y: 0, z: 4.9999986}
  - {x: -1.0000151, y: 0, z: -0.0000014305115}
  - {x: -2.0000153, y: 0, z: 4.999997}
  - {x: -2.000015, y: 0, z: -0.000002861023}
  - {x: -1.0000151, y: -1, z: 4.9999986}
  - {x: -1.0000151, y: 0, z: 4.9999986}
  - {x: -2.0000153, y: -1, z: 4.999997}
  - {x: -2.0000153, y: 0, z: 4.999997}
  - {x: -1.0000151, y: 0, z: -0.0000014305115}
  - {x: -1.0000151, y: -1, z: -0.0000014305115}
  - {x: -2.000015, y: 0, z: -0.000002861023}
  - {x: -2.000015, y: -1, z: -0.000002861023}
  - {x: -1.0000151, y: -1, z: -0.0000014305115}
  - {x: -1.0000151, y: -1, z: 4.9999986}
  - {x: -2.000015, y: -1, z: -0.000002861023}
  - {x: -2.0000153, y: -1, z: 4.999997}
  - {x: 1.9999962, y: 0, z: 0.0000011920929}
  - {x: 1.9999924, y: 0, z: 5.0000014}
  - {x: 2.9999962, y: 0, z: 0.0000023841858}
  - {x: 2.9999924, y: 0, z: 5.000003}
  - {x: 1.9999962, y: -1, z: 0.0000011920929}
  - {x: 1.9999962, y: 0, z: 0.0000011920929}
  - {x: 2.9999962, y: -1, z: 0.0000023841858}
  - {x: 2.9999962, y: 0, z: 0.0000023841858}
  - {x: 1.9999924, y: 0, z: 5.0000014}
  - {x: 1.9999924, y: -1, z: 5.0000014}
  - {x: 2.9999924, y: 0, z: 5.000003}
  - {x: 2.9999924, y: -1, z: 5.000003}
  - {x: 1.9999924, y: -1, z: 5.0000014}
  - {x: 1.9999962, y: -1, z: 0.0000011920929}
  - {x: 2.9999924, y: -1, z: 5.000003}
  - {x: 2.9999962, y: -1, z: 0.0000023841858}
  m_Textures0:
  - {x: 0.0000151991835, y: 0}
  - {x: -0.9999924, y: 0}
  - {x: 0.0000151991835, y: 1}
  - {x: -0.9999924, y: 1}
  - {x: 5, y: 0}
  - {x: -0.00000033378313, y: 0}
  - {x: 5, y: 1}
  - {x: -0.00000033378313, y: 1}
  - {x: 0.9999924, y: 0}
  - {x: -0.0000151991835, y: 0}
  - {x: 0.9999924, y: 1}
  - {x: -0.0000151991835, y: 1}
  - {x: 0.0000014305115, y: 0}
  - {x: -4.9999986, y: 0}
  - {x: 0.0000014305115, y: 1}
  - {x: -4.9999986, y: 1}
  - {x: -0.0000151991835, y: 5}
  - {x: 0.9999924, y: 5}
  - {x: -0.0000151991835, y: 0}
  - {x: 0.9999924, y: 0}
  - {x: 0.0000151991835, y: 0}
  - {x: -0.9999924, y: 0}
  - {x: 0.0000151991835, y: 5}
  - {x: -0.9999924, y: 5}
  - {x: 0.0000151991835, y: 0}
  - {x: 0.0000151991835, y: 5}
  - {x: 1.0000151, y: -0.0000014305115}
  - {x: 1.0000151, y: 4.9999986}
  - {x: -0.0000151991835, y: 1}
  - {x: -0.0000151991835, y: 0}
  - {x: -1.0000151, y: 1}
  - {x: -1.0000151, y: 0}
  - {x: 0.000008046625, y: 0}
  - {x: 0.000008046625, y: 1}
  - {x: 1.000008, y: 0}
  - {x: 1.000008, y: 1}
  - {x: -0.0000151991835, y: 5}
  - {x: -0.0000151991835, y: 0}
  - {x: -1.0000151, y: 4.9999986}
  - {x: -1.0000151, y: -0.0000014305115}
  - {x: -0.9999924, y: 5}
  - {x: -0.9999924, y: 0}
  - {x: -1.9999924, y: 5.0000014}
  - {x: -1.9999962, y: 0.0000011920929}
  - {x: -0.9999995, y: 1}
  - {x: -0.9999995, y: 0}
  - {x: -1.9999995, y: 1}
  - {x: -1.9999995, y: 0}
  - {x: 0.9999924, y: 0}
  - {x: 0.9999924, y: 1}
  - {x: 1.9999962, y: 0}
  - {x: 1.9999962, y: 1}
  - {x: 0.9999924, y: 0}
  - {x: 0.9999924, y: 5}
  - {x: 1.9999962, y: 0.0000011920929}
  - {x: 1.9999924, y: 5.0000014}
  - {x: 0.0000151991835, y: 1}
  - {x: -0.9999924, y: 1}
  - {x: 0.0000151991835, y: 2}
  - {x: -0.9999924, y: 2}
  - {x: 0, y: 1}
  - {x: -5, y: 1}
  - {x: 0, y: 2}
  - {x: -5, y: 2}
  - {x: 5, y: 1}
  - {x: 0, y: 1}
  - {x: 5, y: 2}
  - {x: 0, y: 2}
  - {x: 0.9999924, y: 1}
  - {x: -0.0000151991835, y: 1}
  - {x: 0.9999924, y: 2}
  - {x: -0.0000151991835, y: 2}
  - {x: 0, y: 0}
  - {x: 5, y: 0}
  - {x: 0, y: -1}
  - {x: 5, y: -1}
  - {x: -1.0000151, y: 0}
  - {x: -0.0000151991835, y: 0}
  - {x: -1.0000151, y: -1}
  - {x: -0.0000151991835, y: -1}
  - {x: 0.000008046625, y: 0}
  - {x: 1.000008, y: 0}
  - {x: 0.000008046625, y: -1}
  - {x: 1.000008, y: -1}
  - {x: -4.999997, y: 0}
  - {x: 0.0000027656547, y: 0}
  - {x: -4.999997, y: -1}
  - {x: 0.0000027656547, y: -1}
  - {x: -5, y: 0}
  - {x: 0, y: 0}
  - {x: -5, y: -1}
  - {x: 0, y: -1}
  - {x: -1.9999995, y: 0}
  - {x: -0.9999995, y: 0}
  - {x: -1.9999995, y: -1}
  - {x: -0.9999995, y: -1}
  - {x: 0.9999924, y: 0}
  - {x: 1.9999962, y: 0}
  - {x: 0.9999924, y: -1}
  - {x: 1.9999962, y: -1}
  - {x: 0.00000009537048, y: 0}
  - {x: 5.0000005, y: 0}
  - {x: 0.00000009537048, y: -1}
  - {x: 5.0000005, y: -1}
  - {x: -1.0000151, y: 4.9999986}
  - {x: -1.0000151, y: -0.0000014305115}
  - {x: -2.0000153, y: 4.999997}
  - {x: -2.000015, y: -0.000002861023}
  - {x: 1.000008, y: -1}
  - {x: 1.000008, y: 0}
  - {x: 2.000008, y: -1}
  - {x: 2.000008, y: 0}
  - {x: -1.0000151, y: 0}
  - {x: -1.0000151, y: -1}
  - {x: -2.000015, y: 0}
  - {x: -2.000015, y: -1}
  - {x: 1.0000151, y: -0.0000014305115}
  - {x: 1.0000151, y: 4.9999986}
  - {x: 2.000015, y: -0.000002861023}
  - {x: 2.0000153, y: 4.999997}
  - {x: 1.9999962, y: 0.0000011920929}
  - {x: 1.9999924, y: 5.0000014}
  - {x: 2.9999962, y: 0.0000023841858}
  - {x: 2.9999924, y: 5.000003}
  - {x: 1.9999962, y: -1}
  - {x: 1.9999962, y: 0}
  - {x: 2.9999962, y: -1}
  - {x: 2.9999962, y: 0}
  - {x: -1.9999995, y: 0}
  - {x: -1.9999995, y: -1}
  - {x: -2.9999995, y: 0}
  - {x: -2.9999995, y: -1}
  - {x: -1.9999924, y: 5.0000014}
  - {x: -1.9999962, y: 0.0000011920929}
  - {x: -2.9999924, y: 5.000003}
  - {x: -2.9999962, y: 0.0000023841858}
  m_Textures2: []
  m_Textures3: []
  m_Tangents:
  - {x: -1, y: 0, z: 0, w: -1}
  - {x: -1, y: 0, z: 0, w: -1}
  - {x: -1, y: 0, z: 0, w: -1}
  - {x: -1, y: 0, z: 0, w: -1}
  - {x: -0.00000076293946, y: 0, z: 1, w: -1}
  - {x: -0.00000076293946, y: 0, z: 1, w: -1}
  - {x: -0.00000076293946, y: 0, z: 1, w: -1}
  - {x: -0.00000076293946, y: 0, z: 1, w: -1}
  - {x: 1, y: 0, z: 0, w: -1}
  - {x: 1, y: 0, z: 0, w: -1}
  - {x: 1, y: 0, z: 0, w: -1}
  - {x: 1, y: 0, z: 0, w: -1}
  - {x: 0, y: 0, z: -1, w: -1}
  - {x: 0, y: 0, z: -1, w: -1}
  - {x: 0, y: 0, z: -1, w: -1}
  - {x: 0, y: 0, z: -1, w: -1}
  - {x: 1, y: 0, z: 0, w: -1}
  - {x: 1, y: 0, z: 0, w: -1}
  - {x: 1, y: 0, z: 0, w: -1}
  - {x: 1, y: 0, z: 0, w: -1}
  - {x: -1, y: 0, z: 0, w: -1}
  - {x: -1, y: 0, z: 0, w: -1}
  - {x: -1, y: 0, z: 0, w: -1}
  - {x: -1, y: 0, z: 0, w: -1}
  - {x: -1, y: 0, z: 0, w: -1}
  - {x: -1, y: 0, z: 0, w: -1}
  - {x: -1, y: 0, z: 0, w: -1}
  - {x: -1, y: 0, z: 0, w: -1}
  - {x: 1, y: 0, z: 0.0000014305116, w: -1}
  - {x: 1, y: 0, z: 0.0000014305116, w: -1}
  - {x: 1, y: 0, z: 0.0000014305116, w: -1}
  - {x: 1, y: 0, z: 0.0000014305116, w: -1}
  - {x: -1, y: 0, z: -0.0000014305116, w: -1}
  - {x: -1, y: 0, z: -0.0000014305116, w: -1}
  - {x: -1, y: 0, z: -0.0000014305116, w: -1}
  - {x: -1, y: 0, z: -0.0000014305116, w: -1}
  - {x: 1, y: 0, z: 0, w: -1}
  - {x: 1, y: 0, z: 0, w: -1}
  - {x: 1, y: 0, z: 0, w: -1}
  - {x: 1, y: 0, z: 0, w: -1}
  - {x: -1, y: 0, z: 0, w: -1}
  - {x: -1, y: 0, z: 0, w: -1}
  - {x: -1, y: 0, z: 0, w: -1}
  - {x: -1, y: 0, z: 0, w: -1}
  - {x: -1, y: 0, z: -0.0000014305115, w: -1}
  - {x: -1, y: 0, z: -0.0000014305115, w: -1}
  - {x: -1, y: 0, z: -0.0000014305115, w: -1}
  - {x: -1, y: 0, z: -0.0000014305115, w: -1}
  - {x: 1, y: 0, z: 0.0000011920883, w: -1}
  - {x: 1, y: 0, z: 0.0000011920883, w: -1}
  - {x: 1, y: 0, z: 0.0000011920883, w: -1}
  - {x: 1, y: 0, z: 0.0000011920883, w: -1}
  - {x: 1, y: 0, z: 0, w: -1}
  - {x: 1, y: 0, z: 0, w: -1}
  - {x: 1, y: 0, z: 0, w: -1}
  - {x: 1, y: 0, z: 0, w: -1}
  - {x: -1, y: 0, z: 0, w: -1}
  - {x: -1, y: 0, z: 0, w: -1}
  - {x: -1, y: 0, z: 0, w: -1}
  - {x: -1, y: 0, z: 0, w: -1}
  - {x: 0, y: 0, z: -1, w: -1}
  - {x: 0, y: 0, z: -1, w: -1}
  - {x: 0, y: 0, z: -1, w: -1}
  - {x: 0, y: 0, z: -1, w: -1}
  - {x: 0, y: 0, z: 1, w: -1}
  - {x: 0, y: 0, z: 1, w: -1}
  - {x: 0, y: 0, z: 1, w: -1}
  - {x: 0, y: 0, z: 1, w: -1}
  - {x: 1, y: 0, z: 0, w: -1}
  - {x: 1, y: 0, z: 0, w: -1}
  - {x: 1, y: 0, z: 0, w: -1}
  - {x: 1, y: 0, z: 0, w: -1}
  - {x: 0, y: 0, z: 1, w: -1}
  - {x: 0, y: 0, z: 1, w: -1}
  - {x: 0, y: 0, z: 1, w: -1}
  - {x: 0, y: 0, z: 1, w: -1}
  - {x: 1, y: 0, z: 0.0000014305116, w: -1}
  - {x: 1, y: 0, z: 0.0000014305116, w: -1}
  - {x: 1, y: 0, z: 0.0000014305116, w: -1}
  - {x: 1, y: 0, z: 0.0000014305116, w: -1}
  - {x: -1, y: 0, z: -0.0000014305116, w: -1}
  - {x: -1, y: 0, z: -0.0000014305116, w: -1}
  - {x: -1, y: 0, z: -0.0000014305116, w: -1}
  - {x: -1, y: 0, z: -0.0000014305116, w: -1}
  - {x: 0.000000047683717, y: 0, z: -1, w: -1}
  - {x: 0.000000047683717, y: 0, z: -1, w: -1}
  - {x: 0.000000047683717, y: 0, z: -1, w: -1}
  - {x: 0.000000047683717, y: 0, z: -1, w: -1}
  - {x: 0, y: 0, z: -1, w: -1}
  - {x: 0, y: 0, z: -1, w: -1}
  - {x: 0, y: 0, z: -1, w: -1}
  - {x: 0, y: 0, z: -1, w: -1}
  - {x: -1, y: 0, z: -0.0000014305115, w: -1}
  - {x: -1, y: 0, z: -0.0000014305115, w: -1}
  - {x: -1, y: 0, z: -0.0000014305115, w: -1}
  - {x: -1, y: 0, z: -0.0000014305115, w: -1}
  - {x: 1, y: 0, z: 0.0000011920883, w: -1}
  - {x: 1, y: 0, z: 0.0000011920883, w: -1}
  - {x: 1, y: 0, z: 0.0000011920883, w: -1}
  - {x: 1, y: 0, z: 0.0000011920883, w: -1}
  - {x: -0.0000007629394, y: 0, z: 1, w: -1}
  - {x: -0.0000007629394, y: 0, z: 1, w: -1}
  - {x: -0.0000007629394, y: 0, z: 1, w: -1}
  - {x: -0.0000007629394, y: 0, z: 1, w: -1}
  - {x: 1, y: 0, z: 0, w: -1}
  - {x: 1, y: 0, z: 0, w: -1}
  - {x: 1, y: 0, z: 0, w: -1}
  - {x: 1, y: 0, z: 0, w: -1}
  - {x: -1, y: 0, z: -0.0000014305114, w: -1}
  - {x: -1, y: 0, z: -0.0000014305114, w: -1}
  - {x: -1, y: 0, z: -0.0000014305114, w: -1}
  - {x: -1, y: 0, z: -0.0000014305114, w: -1}
  - {x: 1, y: 0, z: 0.0000014305117, w: -1}
  - {x: 1, y: 0, z: 0.0000014305117, w: -1}
  - {x: 1, y: 0, z: 0.0000014305117, w: -1}
  - {x: 1, y: 0, z: 0.0000014305117, w: -1}
  - {x: -1, y: 0, z: 0, w: -1}
  - {x: -1, y: 0, z: 0, w: -1}
  - {x: -1, y: 0, z: 0, w: -1}
  - {x: -1, y: 0, z: 0, w: -1}
  - {x: 1, y: 0, z: 0, w: -1}
  - {x: 1, y: 0, z: 0, w: -1}
  - {x: 1, y: 0, z: 0, w: -1}
  - {x: 1, y: 0, z: 0, w: -1}
  - {x: 1, y: 0, z: 0.0000011920929, w: -1}
  - {x: 1, y: 0, z: 0.0000011920929, w: -1}
  - {x: 1, y: 0, z: 0.0000011920929, w: -1}
  - {x: 1, y: 0, z: 0.0000011920929, w: -1}
  - {x: -1, y: 0, z: -0.0000014305115, w: -1}
  - {x: -1, y: 0, z: -0.0000014305115, w: -1}
  - {x: -1, y: 0, z: -0.0000014305115, w: -1}
  - {x: -1, y: 0, z: -0.0000014305115, w: -1}
  - {x: -1, y: 0, z: 0, w: -1}
  - {x: -1, y: 0, z: 0, w: -1}
  - {x: -1, y: 0, z: 0, w: -1}
  - {x: -1, y: 0, z: 0, w: -1}
  m_Colors: []
  m_UnwrapParameters:
    m_HardAngle: 88
    m_PackMargin: 20
    m_AngleError: 8
    m_AreaError: 15
  m_PreserveMeshAssetOnDestroy: 0
  assetGuid: 
  m_Mesh: {fileID: 0}
  m_IsSelectable: 1
  m_SelectedFaces: 
  m_SelectedEdges: []
  m_SelectedVertices: 
--- !u!23 &7566593652182110862
MeshRenderer:
  m_ObjectHideFlags: 0
  m_CorrespondingSourceObject: {fileID: 0}
  m_PrefabInstance: {fileID: 0}
  m_PrefabAsset: {fileID: 0}
  m_GameObject: {fileID: 5857390813427362803}
  m_Enabled: 0
  m_CastShadows: 1
  m_ReceiveShadows: 1
  m_DynamicOccludee: 1
  m_MotionVectors: 1
  m_LightProbeUsage: 1
  m_ReflectionProbeUsage: 1
  m_RayTracingMode: 2
  m_RenderingLayerMask: 1
  m_RendererPriority: 0
  m_Materials:
  - {fileID: 2100000, guid: c22777d6e868e4f2fb421913386b154e, type: 2}
  m_StaticBatchInfo:
    firstSubMesh: 0
    subMeshCount: 0
  m_StaticBatchRoot: {fileID: 0}
  m_ProbeAnchor: {fileID: 0}
  m_LightProbeVolumeOverride: {fileID: 0}
  m_ScaleInLightmap: 1
  m_ReceiveGI: 1
  m_PreserveUVs: 0
  m_IgnoreNormalsForChartDetection: 0
  m_ImportantGI: 0
  m_StitchLightmapSeams: 1
  m_SelectedEditorRenderState: 2
  m_MinimumChartSize: 4
  m_AutoUVMaxDistance: 0.5
  m_AutoUVMaxAngle: 89
  m_LightmapParameters: {fileID: 0}
  m_SortingLayerID: 0
  m_SortingLayer: 0
  m_SortingOrder: 0
--- !u!33 &2330511381906848281
MeshFilter:
  m_ObjectHideFlags: 0
  m_CorrespondingSourceObject: {fileID: 0}
  m_PrefabInstance: {fileID: 0}
  m_PrefabAsset: {fileID: 0}
  m_GameObject: {fileID: 5857390813427362803}
  m_Mesh: {fileID: 0}
--- !u!64 &8173540185966677503
MeshCollider:
  m_ObjectHideFlags: 0
  m_CorrespondingSourceObject: {fileID: 0}
  m_PrefabInstance: {fileID: 0}
  m_PrefabAsset: {fileID: 0}
  m_GameObject: {fileID: 5857390813427362803}
  m_Material: {fileID: 0}
  m_IsTrigger: 0
  m_Enabled: 1
  serializedVersion: 4
  m_Convex: 1
  m_CookingOptions: 30
  m_Mesh: {fileID: 0}
--- !u!1 &6283277098893816546
GameObject:
  m_ObjectHideFlags: 0
  m_CorrespondingSourceObject: {fileID: 0}
  m_PrefabInstance: {fileID: 0}
  m_PrefabAsset: {fileID: 0}
  serializedVersion: 6
  m_Component:
  - component: {fileID: 4284588909244755283}
  - component: {fileID: 1285164564401747604}
  - component: {fileID: 2064478916655500361}
  m_Layer: 0
  m_Name: pasted__pCylinder6
  m_TagString: Untagged
  m_Icon: {fileID: 0}
  m_NavMeshLayer: 0
  m_StaticEditorFlags: 0
  m_IsActive: 1
--- !u!4 &4284588909244755283
Transform:
  m_ObjectHideFlags: 0
  m_CorrespondingSourceObject: {fileID: 0}
  m_PrefabInstance: {fileID: 0}
  m_PrefabAsset: {fileID: 0}
  m_GameObject: {fileID: 6283277098893816546}
  m_LocalRotation: {x: 0.7071068, y: -0, z: -0, w: 0.7071068}
  m_LocalPosition: {x: 0.8709672, y: 0.0036918223, z: 0.14530627}
  m_LocalScale: {x: 2.3087752, y: 16.677078, z: 2.3087752}
  m_Children: []
  m_Father: {fileID: 1426194973182010335}
  m_RootOrder: 3
  m_LocalEulerAnglesHint: {x: 0, y: 0, z: 0}
--- !u!33 &1285164564401747604
MeshFilter:
  m_ObjectHideFlags: 0
  m_CorrespondingSourceObject: {fileID: 0}
  m_PrefabInstance: {fileID: 0}
  m_PrefabAsset: {fileID: 0}
  m_GameObject: {fileID: 6283277098893816546}
  m_Mesh: {fileID: 5256924276574915431, guid: a7e8956878476eb49a1dc743a9265333, type: 3}
--- !u!23 &2064478916655500361
MeshRenderer:
  m_ObjectHideFlags: 0
  m_CorrespondingSourceObject: {fileID: 0}
  m_PrefabInstance: {fileID: 0}
  m_PrefabAsset: {fileID: 0}
  m_GameObject: {fileID: 6283277098893816546}
  m_Enabled: 1
  m_CastShadows: 1
  m_ReceiveShadows: 1
  m_DynamicOccludee: 1
  m_MotionVectors: 1
  m_LightProbeUsage: 1
  m_ReflectionProbeUsage: 1
  m_RayTracingMode: 2
  m_RenderingLayerMask: 1
  m_RendererPriority: 0
  m_Materials:
  - {fileID: -7328252100812037318, guid: a7e8956878476eb49a1dc743a9265333, type: 3}
  m_StaticBatchInfo:
    firstSubMesh: 0
    subMeshCount: 0
  m_StaticBatchRoot: {fileID: 0}
  m_ProbeAnchor: {fileID: 0}
  m_LightProbeVolumeOverride: {fileID: 0}
  m_ScaleInLightmap: 1
  m_ReceiveGI: 1
  m_PreserveUVs: 0
  m_IgnoreNormalsForChartDetection: 0
  m_ImportantGI: 0
  m_StitchLightmapSeams: 1
  m_SelectedEditorRenderState: 3
  m_MinimumChartSize: 4
  m_AutoUVMaxDistance: 0.5
  m_AutoUVMaxAngle: 89
  m_LightmapParameters: {fileID: 0}
  m_SortingLayerID: 0
  m_SortingLayer: 0
  m_SortingOrder: 0
--- !u!1 &6303155680006116209
GameObject:
  m_ObjectHideFlags: 0
  m_CorrespondingSourceObject: {fileID: 0}
  m_PrefabInstance: {fileID: 0}
  m_PrefabAsset: {fileID: 0}
  serializedVersion: 6
  m_Component:
  - component: {fileID: 8937553933427793682}
  - component: {fileID: 7649251383086371724}
  - component: {fileID: 7840637893853751852}
  m_Layer: 0
  m_Name: pasted__pCylinder5
  m_TagString: Untagged
  m_Icon: {fileID: 0}
  m_NavMeshLayer: 0
  m_StaticEditorFlags: 0
  m_IsActive: 1
--- !u!4 &8937553933427793682
Transform:
  m_ObjectHideFlags: 0
  m_CorrespondingSourceObject: {fileID: 0}
  m_PrefabInstance: {fileID: 0}
  m_PrefabAsset: {fileID: 0}
  m_GameObject: {fileID: 6303155680006116209}
  m_LocalRotation: {x: 0.7071068, y: -0, z: -0, w: 0.7071068}
  m_LocalPosition: {x: 0.8474793, y: -0.036229968, z: 0.14530627}
  m_LocalScale: {x: 2.3087752, y: 16.677078, z: 2.3087752}
  m_Children: []
  m_Father: {fileID: 1426194973182010335}
  m_RootOrder: 2
  m_LocalEulerAnglesHint: {x: 0, y: 0, z: 0}
--- !u!33 &7649251383086371724
MeshFilter:
  m_ObjectHideFlags: 0
  m_CorrespondingSourceObject: {fileID: 0}
  m_PrefabInstance: {fileID: 0}
  m_PrefabAsset: {fileID: 0}
  m_GameObject: {fileID: 6303155680006116209}
  m_Mesh: {fileID: -905355553879147814, guid: a7e8956878476eb49a1dc743a9265333, type: 3}
--- !u!23 &7840637893853751852
MeshRenderer:
  m_ObjectHideFlags: 0
  m_CorrespondingSourceObject: {fileID: 0}
  m_PrefabInstance: {fileID: 0}
  m_PrefabAsset: {fileID: 0}
  m_GameObject: {fileID: 6303155680006116209}
  m_Enabled: 1
  m_CastShadows: 1
  m_ReceiveShadows: 1
  m_DynamicOccludee: 1
  m_MotionVectors: 1
  m_LightProbeUsage: 1
  m_ReflectionProbeUsage: 1
  m_RayTracingMode: 2
  m_RenderingLayerMask: 1
  m_RendererPriority: 0
  m_Materials:
  - {fileID: -7328252100812037318, guid: a7e8956878476eb49a1dc743a9265333, type: 3}
  m_StaticBatchInfo:
    firstSubMesh: 0
    subMeshCount: 0
  m_StaticBatchRoot: {fileID: 0}
  m_ProbeAnchor: {fileID: 0}
  m_LightProbeVolumeOverride: {fileID: 0}
  m_ScaleInLightmap: 1
  m_ReceiveGI: 1
  m_PreserveUVs: 0
  m_IgnoreNormalsForChartDetection: 0
  m_ImportantGI: 0
  m_StitchLightmapSeams: 1
  m_SelectedEditorRenderState: 3
  m_MinimumChartSize: 4
  m_AutoUVMaxDistance: 0.5
  m_AutoUVMaxAngle: 89
  m_LightmapParameters: {fileID: 0}
  m_SortingLayerID: 0
  m_SortingLayer: 0
  m_SortingOrder: 0
